3306 5076
693 478 863 545 ..7-

622 761 673 828 De
697 763 797 830 verbo
820 767 938 851 epyllia

293 952 445 1021 Carmina
477 974 582 1037 parva
609 958 780 1025 narrative
803 979 889 1026 nuuc
912 962 1019 1029 solent
1046 964 1206 1032 nominari
1228 971 1357 1054 epyllia.

186 1053 332 1122 Verbum
363 1062 506 1124 ἐπύλλιον
532 1061 567 1127 in
602 1063 696 1129 libris
729 1061 865 1132 Graecis
898 1065 1068 1133 admodum
1102 1087 1176 1135 raro
1208 1074 1353 1140 occurrit

176 1165 221 1226 et
243 1163 432 1246 plerumque
464 1168 627 1234 notionem
657 1172 817 1238 versiculi
840 1172 1031 1256 (praecipue
1063 1173 1097 1239 in
1120 1174 1352 1256 Aristophanis

175 1267 374 1356 comoediis)
404 1272 518 1351 habet3
551 1274 670 1356 semel,
684 1355 687 1360 Δ
703 1279 857 1356 quantum
888 1278 969 1359 scio,
1001 1278 1041 1344 de
1075 1279 1220 1346 carmine
1253 1299 1357 1362 parvo

176 1378 308 1444 dictum
332 1382 393 1459 est,
416 1379 532 1444 Athen.
556 1379 590 1443 II
607 1380 649 1445 65
662 1399 696 1445 a:
719 1383 754 1446 τὸ
777 1386 819 1454 εἰς
836 1383 983 1468 Ὅμηρον
1006 1387 1244 1470 ἀναφερόμενον
1267 1389 1362 1452 ἐπύλ-

185 1489 260 1561 λιον,
284 1486 538 1567 ἐπιγραφόμενον
562 1487 596 1549 δὲ
615 1486 825 1570 Ἐπικιχλίδες.
850 1489 876 1572 ¹)
922 1486 992 1568 Quo
1022 1491 1093 1557 1000
1125 1492 1190 1557 etsi
1221 1493 1366 1557 ἐπύλλιον

186 1596 253 1662 vim
281 1594 356 1661 usui
391 1597 576 1660 nostrorum
598 1593 743 1660 virorum
767 1594 935 1663 doctorum
958 1597 1097 1663 similem
1119 1599 1243 1664 habere
1269 1598 1359 1668 vide·

174 1709 252 1784 tur,
284 1709 396 1769 tamen
427 1719 492 1766 uon
523 1704 601 1781 puto
628 1700 689 1765 hoc
712 1703 841 1768 nomine
869 1723 944 1772 usos
975 1722 1050 1771 esse
1073 1705 1254 1786 scriptores
1278 1704 1362 1770 anti·

175 1830 272 1894 quoe,
295 1816 333 1877 ut
363 1811 495 1892 proprie
517 1810 576 1875 ille
606 1809 750 1877 carmine
773 1812 945 1879 narrative
967 1812 1103 1878 minoris
1127 1810 1269 1877 ambitus
1292 1810 1359 1894 sig·

180 1916 363 1988 nificareut.
410 1917 475 1984 Hic
492 1917 578 1984 enim
594 1915 659 1982 elia
674 1918 779 1985 verbe
798 1917 964 2001 adhibent,
987 1923 1025 1984 ut
1048 1923 1132 1995 ἔπος,
1155 1917 1357 2000 uoluptatem·

178 2049 370 2113 quamquam
395 2051 434 2098 eo
457 2031 563 2113 magis
594 2032 843 2112 exspectaveris
875 2048 931 2096 eos
966 2031 1094 2097 nomine
1117 2027 1250 2111 proprio
1275 2041 1352 2089 usos

180 2138 371 2219 essequod
405 2140 550 2206 carmina
578 2143 673 2221 epioe
706 2158 811 2221 parva
842 2140 971 2222 maguis
1005 2138 1163 2206 distincte
1198 2131 1350 2214 opposita

178 2241 324 2314 inerunt.
377 2243 500 2325 Quodsi
529 2245 594 2314 viri
623 2245 712 2312 docti
737 2250 891 2312 recentes
929 2245 1031 2315 verbo
1067 2248 1176 2334 epyllia'
1214 2242 1355 2308 utuntur

179 2357 271 2424 nullo
306 2354 452 2435 exemplo
487 2354 619 2435 antiquo
657 2354 742 2426 nixi.
778 2360 915 2435 apparet
949 2371 1044 2420 nsum
1067 2352 1154 2434 apud
1186 2367 1243 2416 eos
1267 2348 1355 2413 anci-

173 2465 283 2546 pitem
306 2483 390 2546 esse,
413 2463 488 2544 quia
510 2461 585 2544 vim,
608 2480 691 2543 quae
714 2480 733 2528 e
751 2460 882 2529 notione
906 2459 1024 2527 deduci
1039 2463 1159 2542 potest,
1176 2459 1196 2524 i.
1213 2475 1241 2522 e.
1259 2453 1354 2536 quod·

179 2561 265 2640 libet
287 2591 425 2654 parvum
448 2588 576 2637 carmen
599 2568 799 2636 hexametris
822 2568 996 2649 seriptum,
1027 2567 1223 2633 contrahere
1246 2561 1355 2628 solent

174 2699 242 2748 suo
259 2680 393 2762 quisque
408 2678 488 2743 iure.
526 2676 682 2743 Breviter
704 2675 808 2758 igitur
825 2693 992 2759 exponam,
1009 2675 1159 2756 quomam
1175 2671 1215 2738 de
1230 2687 1355 2754 genere

177 2787 374 2871 epylliorum
397 2782 561 2850 disserere
584 2783 663 2849 mihi
685 2783 855 2864 proposui,
879 2784 995 2865 quibus
1018 2783 1137 2849 finibus
1168 2797 1229 2862 ego
1254 2776 1357 2842 notio·

179 2916 255 2963 nem
270 2895 381 2982 epyllii
395 2889 654 2959 circumcludam.
681 2891 958 2972 comprehendam
971 2911 1010 2958 ce
1027 2889 1171 2956 carmina
1184 2883 1356 2952 narrative

181 3021 300 3087 parva,
323 3017 405 3082 quae
428 3017 528 3080 supra
552 2999 715 3080 denotavi,
740 3000 888 3080 exceptis
924 2999 1090 3080 elegiacis
1104 2996 1130 3082 ¹)
1159 3011 1353 3076 quamquam

170 3112 264 3179 ‚iraec
287 3105 353 3174 nisi
375 3106 479 3171 metro
502 3101 559 3171 vix
580 3103 678 3174 lonxe
701 3125 721 3172 a
745 3105 943 3172 carminibus
966 3102 1168 3169 hexametris
1192 3100 1356 3180 couscrip-

169 3215 224 3282 tis
247 3214 397 3281 seiuncta
420 3209 523 3276 fuisse
546 3210 715 3294 videntur3
743 3235 818 3282 uam
842 3213 987 3280 carmina
1010 3211 1160 3296 elegiaca
1182 3207 1354 3276 narrative

175 3339 200 3388 a
221 3317 445 3406 grammaticis
468 3317 610 3398 antiquis
633 3339 763 3400 semper
778 3321 813 3386 iu
837 3320 962 3404 elegiis,
986 3337 1158 3400 numquam
1180 3320 1213 3384 in
1237 3317 1351 3383 carmi·

171 3426 275 3494 nibus
298 3423 400 3506 epicis
424 3424 538 3491 habita
561 3429 646 3490 sunt.
687 3427 872 3494 carminum
887 3427 1018 3495 heroico
1034 3433 1139 3494 metro
1162 3422 1353 3505 composito·

167 3549 250 3598 rum
273 3532 381 3599 omnia
403 3529 556 3610 excludo,
587 3550 671 3612 quae
694 3533 757 3601 alio
788 3537 886 3616 atque
918 3534 960 3600 ad
983 3533 1180 3600 narrandum
1202 3533 1353 3616 tendunt,
1424 3572 1426 3578 ·

173 3639 243 3707 etsi
271 3640 306 3705 in
337 3638 386 3705 eis
416 3637 519 3704 multe
550 3644 744 3723 narrantur,
767 3644 804 3707 ut
827 3644 963 3726 hymnos
988 3655 1022 3710 et
1046 3644 1205 3726 carmina,
1229 3644 1346 3727 quibus

176 3851 391 3863 ————-.—.

265 3971 286 4026 Ι)
304 3971 345 4026 De
364 3971 416 4028 hoc
434 3970 555 4028 carmine
573 3971 641 4028 nihil
654 3979 763 4029 constat
775 3976 830 4030 nisi
842 3975 871 4030 in
887 3991 918 4031 eo
931 3992 976 4031 res
989 3977 1138 4034 amatorias
1150 3993 1205 4033 non
1217 3977 1348 4046 defuisse,

168 4066 200 4105 v.
220 4053 318 4109 Athen.
337 4055 403 4110 XIV
421 4055 503 4111 639³„

263 4143 286 4203 ’λ
304 4145 431 4200 Ceterum
450 4162 543 4202 omnes
561 4148 612 4203 hae
631 4149 735 4220 elegiae
748 4151 948 4207 Alexandrinae
960 4152 1102 4221 perierunt
1114 4156 1225 4222 praeter
1242 4169 1347 4222 paucos

171 4238 271 4279 versus
300 4225 403 4297 Scyllae
432 4229 553 4298 Hedylae
584 4231 613 4285 et'
638 4231 772 4304 Erigonae
798 4235 997 4291 Eratosthenis.
1040 4237 1142 4292 Poetae
1171 4237 1355 4295 Alexandrini

177 4305 307 4444 videntur
324 4309 454 4366 maluisse
471 4312 596 4368 versibus
614 4315 731 4372 heroicis
750 4333 911 4389 componere
929 4319 996 4375 haec
1025 4319 1146 4376 carmina
1158 4336 1245 4391 parva
1263 4335 1346 4389 quem

168 4392 263 4444 metro
282 4389 411 4460 orgiaco.
