3306 5076
831 420 985 489 -3...

325 601 506 678 praerepta
529 594 683 677 quaedam
708 594 891 663 traduntur.
937 597 1066 665 Deinde
1096 615 1237 680 segrego
1270 613 1310 662 ea
1339 600 1514 682 poemata,

312 694 465 783 “quorum
489 703 684 784 argumenta
707 719 770 768 nou
795 702 836 766 ad
865 719 919 767 res
950 700 1133 785 fabulosae,
1167 703 1225 770 sed
1255 702 1296 767 ad
1323 701 1500 772 historicas

322 809 485 890 spectant.
533 807 643 886 Neque
668 806 816 871 tractabo
841 806 984 874 carmina
1007 809 1117 890 poesis
1142 808 1348 875 ludibundae.
1395 808 1502 874 Porro

328 914 558 997 praetermitto
588 915 796 983 narrationes
833 933 959 998 omnes,
991 935 1072 995 uuae
1110 921 1223 998 partes
1253 918 1330 982 sunt
1362 915 1509 980 aliorum*

321 1024 519 1106 carminum,
551 1026 589 1088 ut
612 1021 758 1104 singulas
785 1025 992 1091 narrationes
1021 1026 1257 1104 foomcnlomm,
1282 1022 1346 1087 etsi
1377 1037 1438 1102 per
1460 1038 1511 1085 se·

324 1130 494 1210 perfectae
518 1134 603 1198 suut.
648 1130 797 1212 Denique
814 1135 897 1213 quod
921 1133 1042 1200 attinet
1065 1135 1106 1201 ad
1123 1133 1387 1217 magnitudinem,
1410 1146 1498 1193 meu·

327 1261 424 1319 sura,
448 1240 523 1320 quia
546 1239 636 1306 notio
666 1245 759 1325 porco·
785 1240 1006 1307 incertissima
1029 1245 1098 1323 est,
1132 1241 1319 1309 accuratius
1346 1237 1509 1304 determiv

326 1347 400 1414 nari
423 1367 487 1412 non
503 1349 622 1428 potest,
646 1346 708 1412 nisi
726 1347 809 1428 quod
831 1348 909 1414 licet
931 1349 992 1413 boc
1007 1366 1152 1430 poscere,
1175 1367 1216 1414 ne
1233 1347 1377 1412 carmina
1401 1346 1502 1410 extra

326 1453 456 1522 modum
479 1454 574 1520 unius
597 1452 674 1521 libri
697 1453 917 1536 egrediantur.
963 1454 1098 1520 Maioris
1125 1455 1280 1523 momenti
1310 1454 1387 1519 sunt
1420 1449 1502 1516 illae-

328 1561 413 1628 duae
437 1560 641 1628 condiciones
665 1579 765 1641 supra
781 1562 988 1644 constitutae,
1012 1565 1049 1626 ut
1072 1569 1129 1630 aut
1153 1565 1303 1648 singulae
1326 1577 1379 1625 ros
1404 1576 1422 1623 1
1446 1576 1503 1642 cy-

327 1668 378 1734 clo
401 1668 605 1734 beroiearum
640 1668 824 1735 fabularum
857 1669 1109 1755 depromantur,
1140 1677 1198 1738 aut
1227 1673 1370 1758 leyendoe
1405 1669 1497 1739 labu-

325 1773 421 1840 laeve
444 1775 632 1852 amatoriae,
656 1793 738 1856 quae
761 1795 822 1857 per
846 1795 881 1843 se
904 1777 1074 1858 perfectae
1096 1783 1174 1846 sunt
1205 1797 1361 1860 suumque
1384 1780 1502 1850 orbem

319 1876 505 1959 conficiunt,
528 1883 722 1946 tractentur.
