3306 5076
649 399 825 465 ..51-

149 577 296 644 occurrit
320 575 543 642 tantummodo
568 575 654 663 apud
676 578 732 643 Th.
753 577 837 642 XIII
860 577 903 644 22
920 596 990 662 sqq.
1021 577 1089 642 Res
1107 580 1225 660 autem,
1241 597 1325 662 quas

150 681 248 764 paulo
264 684 340 762 post
355 681 418 766 ipsi
441 682 632 762 narrabunt,
654 683 773 762 poetae
796 680 959 747 interdum
982 681 1038 762 ibi,
1060 681 1118 746 ubi
1141 682 1182 748 ad
1206 681 1327 762 aliquid

152 793 240 858 aliud
263 793 436 858 transituri
461 795 545 874 sunt,
580 793 728 861 breviter
760 792 948 875 significant
969 794 1070 859 verbo
1095 796 1200 876 ἔμελλε
1234 794 1327 862 modo

154 904 310 983 adhibito,
333 903 425 968 modo
450 904 585 969 omisso:
610 904 651 968 M.
675 903 710 967 II
734 904 776 971 72
800 900 856 988 (cf.
882 923 929 970 vs.
955 904 989 971 7:
1014 907 1055 968 ἔτι
1077 904 1262 987 παρθένος),
1286 903 1327 970 ef.

153 1016 191 1096 Q.
215 1017 279 1082 Sm.
305 1017 337 1080 X
361 1017 426 1084 329
451 1035 506 1097 sq.‚
530 1016 828 1085 363.—Videmus
852 1017 955 1098 igItur
980 1016 1098 1099 epyllia
1121 1016 1169 1081 Al.
1194 1020 1329 1084 servata

152 1114 240 1196 non
270 1130 460 1195 multum
494 1129 669 1195 abesse
705 1130 1332 1215 apraeoeptonristotolis

153 1244 228 1329 (art.
251 1249 336 1328 poet.
361 1262 428 1329 cap.
452 1243 505 1324 94,
531 1243 617 1307 1460
642 1262 661 1308 a
686 1243 704 1306 l
730 1242 811 1327 sq.):
836 1245 929 1308 αὐτὸν
958 1244 1018 1325 γὰρ
1052 1245 1101 1307 δεῖ
1126 1244 1179 1308 τὸν
1202 1245 1335 1327 ποιητὴν

156 1350 298 1431 ἐλάχιστα
322 1350 426 1430 λέγειν·
443 1350 481 1410 οὐ
506 1349 565 1429 γάρ
589 1349 649 1412 ἔστι
673 1349 752 1411 κατὰ
775 1355 870 1410 ταῦτα
893 1351 1039 1430 μιμητής.
1085 1347 1255 1413 Licentiae
1280 1367 1333 1412 au·

159 1455 235 1535 tem,
260 1470 343 1536 quae
368 1455 547 1532 sumuntur,
571 1452 746 1533 pleraeque
770 1451 892 1516 iamin
927 1450 1126 1516 carminibus
1149 1451 1335 1517 Homericis

155 1557 373 1638 reperiuntur.
413 1555 498 1634 Quin
511 1557 611 1622 ctiam
624 1559 685 1622 hac
709 1556 743 1619 in
755 1573 792 1620 re
805 1555 926 1636 epyllia
947 1555 1004 1619 illa
1019 1555 1203 1621 Homericis
1220 1556 1334 1620 carmi-

152 1659 248 1724 nibus
266 1661 431 1726 similiora
454 1663 539 1740 sunt,
565 1679 660 1740 quam
687 1660 833 1724 carmina
860 1659 993 1724 heroica
1017 1678 1129 1724 eorum
1152 1662 1333 1743 poetarum,

157 1765 212 1843 qui
225 1763 400 1829 Homerum
412 1763 553 1829 insecuti
566 1769 651 1845 sunt,
668 1762 772 1828 fuisse
789 1763 959 1842 videntur3
977 1761 1017 1828 of.
1034 1763 1134 1829 Arist.
1149 1765 1169 1828 l.
1182 1763 1200 1826 l.
1213 1783 1232 1828 a
1245 1764 1264 1828 8
1278 1783 1333 1844 sq:

159 1871 191 1931 oi
212 1870 271 1950 μὲν
305 1869 361 1932 οὖν
396 1869 483 1932 ἄλλοι
517 1869 604 1932 αὐτοὶ
626 1868 685 1950 μὲν
710 1865 747 1931 δι’
772 1869 847 1931 ὅλου
872 1869 1084 1948 ἀγωνίζονται,
1108 1875 1276 1950 μιμοῦνται
1300 1869 1337 1931 δὲ

157 1973 243 2053 ὀλίγα
267 1975 320 2036 καὶ
343 1975 487 2055 ὀλιγάκις.
524 2009 565 2018 -
600 1971 712 2051 Neque
747 1975 858 2038 tamen
893 1969 1039 2035 defuisse
1073 1970 1160 2051 apud
1189 1971 1334 2037 Graecos

158 2076 288 2156 epyllia,
312 2095 394 2156 quae
417 2076 550 2156 propius
586 2075 627 2140 ad
661 2076 775 2157 poesia
812 2076 947 2157 lyricam
982 2075 1196 2157 accesserint,
1221 2075 1333 2157 colligi

157 2183 270 2260 potest
294 2199 335 2248 ex
359 2179 486 2262 epylliis
511 2180 679 2259 Romanis3
705 2176 744 2244 cf.
768 2177 895 2244 Heinze
919 2179 939 2243 l.
965 2179 984 2243 l.
1009 2199 1037 2260 p.
1062 2180 1135 2244 363.

576 2316 604 2378 2.
631 2316 680 2379 De
705 2315 916 2380 orationibus.

266 2435 440 2501 Orationes
464 2438 541 2500 suut
565 2437 710 2498 membra
741 2434 880 2499 actionis
897 2433 928 2518 ¹).
976 2433 1099 2498 Verum
1134 2416 1266 2514 saepius
1301 2435 1335 2497 in

159 2539 207 2604 eis
232 2538 459 2620 componendis
482 2542 600 2620 poetae
632 2538 728 2602 simul
752 2538 814 2602 alio
848 2539 996 2603 tendunt.
1043 2537 1217 2602 Orationes
1250 2538 1336 2602 enim

159 2643 347 2723 aptissimae
379 2646 472 2724 sunt,
503 2643 618 2722 quibus
652 2649 686 2707 et
717 2643 817 2706 animi
850 2643 1029 2724 hominum,
1062 2661 1121 2707 seu
1144 2661 1251 2708 mores
1277 2661 1338 2708 seu

160 2745 307 2828 affectus
331 2748 521 2828 aperiantur
533 2747 568 2830 2),
593 2748 627 2810 et
639 2765 701 2822 res,
726 2765 808 2826 quae
824 2746 865 2811 ad
882 2747 1103 2811 narrationem
1119 2746 1338 2827 principalem

159 2869 223 2914 non
261 2852 437 2932 pertinent,
475 2849 672 2915 referantur.
727 2850 844 2934 Itaque
876 2855 1004 2932 poetae,
1036 2869 1077 2915 ne
1116 2851 1223 2930 rebus,
1255 2870 1334 2930 quas

160 2953 278 3020 afferre
303 2955 585 3038 commistores,
621 2954 861 3019 simulationem
885 2955 1047 3035 poeticam
1080 2954 1253 3019 destruant
1276 2953 1289 3040 (
1312 2953 1333 3018 f.

158 3079 187 3144 p.
212 3059 255 3123 50
278 3061 349 3142 sq),
382 3059 537 3126 libentius
561 3061 720 3139 homines,
755 3077 834 3139 quos
865 3059 1138 3139 introduxerunt,
1161 3066 1337 3124 narrantes

158 3161 294 3228 faciunt.
342 3165 446 3243 Atque
469 3165 651 3249 praetenta
675 3163 803 3245 quidem
827 3165 904 3246 apte
929 3166 1065 3227 narrant
1089 3163 1137 3245 ei,
1162 3163 1215 3242 qui
1238 3163 1337 3228 inter·
1421 3192 1423 3197 ·

161 3377 376 3387 ——u-———--ae=.-.

147 3563 148 3568 ,
252 3517 270 3584 ¹)
289 3517 332 3569 Ad
350 3517 419 3570 hano
437 3519 577 3586 pertinent
596 3517 730 3584 imprimis
750 3519 886 3582 mandata,
907 3517 1004 3582 quibus
1024 3517 1128 3570 effectis
1148 3516 1219 3570 actio
1233 3531 1340 3583 promo-

160 3605 256 3655 vetur:
277 3603 325 3656 Th.
345 3606 436 3658 XXIV
455 3606 569 3670 sis-40,
589 3608 624 3658 48
644 3620 692 3670 sq..
713 3605 754 3669 ι’)Ο,
774 3606 809 3658 Μ.
829 3605 858 3657 II
878 3604 1026 3661 roe-107.
1065 3603 1196 3657 Omnibus
1215 3602 1258 3656 his
1272 3603 1340 3657 locis

159 3688 229 3742 iussi
247 3689 316 3742 nihil
335 3692 368 3742 ad
387 3693 544 3744 mandatum
563 3692 736 3758 respondent,
768 3692 795 3742 id
815 3692 886 3756 quod
906 3707 922 3743 a
940 3689 1017 3756 poesi
1037 3689 1150 3757 antiqua
1168 3705 1339 3760 nequaquam

160 3774 278 3828 alienum
298 3780 349 3839 est,
369 3779 402 3830 ot'.
422 3777 525 3830 Heinze
544 3777 561 3830 l.
581 3778 598 3830 l.
618 3794 642 3844 p.
663 3779 728 3830 400:
749 3779 828 3830 ‘Dass
849 3779 897 3829 der
909 3778 1092 3843 Beanl'tragte
1112 3776 1205 3829 seinen
1218 3777 1340 3844 Austrag

161 3865 262 3916 stumm
291 3864 533 3931 entgegennimmt,
563 3863 601 3918 ist
621 3865 689 3917 auch
709 3864 752 3916 bei
771 3865 874 3916 Homer
892 3863 1039 3930 durohweg
1061 3863 1173 3928 iiblich'3
1202 3863 1236 3916 of.
1256 3863 1339 3915 etiam

161 3949 220 4001 Cat.
240 3950 282 4014 64,
304 3950 363 4014 237,
385 3949 466 4017 Verg.
487 3951 588 4019 Georg.
608 3951 647 4004 IV
667 3953 720 4004 414
740 3955 768 4003 et
787 3951 847 4003 dli.
868 3981 901 3988 -
923 3951 961 4002 ,tt
979 3948 1047 4001 illud
1066 3950 1239 4013 mandatum,
1268 3949 1340 4014 quod

163 4035 212 4088 Th.
232 4037 323 4088 XXIV
342 4037 466 4089 88-100
486 4037 576 4090 studio
596 4037 668 4090 ritus
689 4036 858 4090 describendi
872 4038 1022 4089 commotus
1043 4035 1155 4088 simulat
1186 4035 1219 4087 cf.
1239 4051 1264 4100 p.
1284 4037 1341 4100 45),

161 4123 195 4174 ab
215 4122 321 4175 actione
342 4124 420 4175 abest
439 4126 617 4190 (quapropter
636 4124 773 4176 exsecutio
794 4122 852 4175 eius
873 4121 931 4176 iure
951 4126 1066 4186 tacetur,
1087 4123 1120 4174 ot'.
1140 4137 1164 4187 p.
1184 4123 1238 4188 ⁴24).

250 4210 270 4273 ἢ
290 4211 331 4262 Ex
363 4210 410 4274 ets,
442 4225 511 4274 quae
545 4211 578 4262 de
598 4211 718 4263 moribus
743 4214 771 4262 et
801 4208 944 4261 affectibus
976 4208 1094 4261 disserui
1124 4209 1162 4278 (p.
1185 4209 1220 4260 48
1240 4213 1267 4260 et
1285 4209 1340 4278 49ιγ

159 4295 278 4363 plurima
298 4313 330 4348 ex
350 4296 520 4349 orationibus
539 4296 628 4363 petita
647 4301 719 4360 sunt,
748 4296 805 4348 sive
825 4311 839 4348 e
859 4293 984 4362 dialogis,
1014 4295 1071 4348 sive
1091 4311 1105 4348 e
1124 4295 1276 4363 monologis
1296 4295 1342 4364 (de

162 4382 316 4450 monologis
335 4383 369 4435 of.
388 4382 492 4436 Heinze
510 4383 528 4434 l.
547 4383 564 4434 l.
585 4399 610 4450 p.
629 4383 701 4450 422).
