3306 5076
736 1222 889 1313 &aput
921 1227 980 1291 ΙΙΙ.

575 1400 631 1471 De
656 1401 878 1490 epylliorum
901 1402 1142 1492 proprietate.

375 1545 571 1632 Priusquam
595 1548 637 1614 ad
659 1549 894 1634 proprietatem
919 1549 1112 1634 epylliorum
1147 1547 1372 1633 explicandam
1396 1565 1449 1613 ac-

268 1648 391 1730 cedam,
408 1651 563 1716 nonnulla
586 1651 689 1717 liceat
711 1651 865 1738 praefari.
911 1654 1020 1738 Atque
1038 1652 1127 1719 aliud
1144 1650 1273 1736 quidem
1298 1655 1350 1716 est
1373 1670 1449 1734 poe-

267 1753 314 1819 sis
350 1752 488 1820 alicuius
523 1773 628 1837 genus
653 1754 854 1837 describere,
889 1756 979 1822 aliud
1012 1755 1248 1842 proprietatem
1283 1755 1447 1839 poeticam

244 1856 354 1922 ,certi
379 1856 546 1924 cuiusdam
570 1862 687 1946 poetae
721 1859 846 1924 certive
882 1859 1036 1926 carminis
1091 1859 1206 1944 Neque
1231 1858 1317 1924 enim
1340 1877 1446 1940 genus

267 1960 498 2026 adumbrantis
523 1964 575 2027 est
599 1981 639 2026 ea
656 1981 827 2047 exponere,
852 1981 936 2043 quae
960 1964 1056 2028 unius
1076 1962 1214 2028 alicuius
1230 1965 1350 2045 poetae
1373 1981 1446 2044 pro·

266 2063 339 2150 pria
362 2067 446 2146 sunt,
470 2065 529 2130 sed
553 2066 604 2130 his
630 2066 757 2131 omissis
775 2085 814 2130 ea
831 2066 909 2146 sola,
935 2085 1019 2151 quae
1036 2065 1077 2130 de
1094 2068 1163 2132 toto
1180 2083 1304 2148 genere
1329 2065 1444 2133 valent

266 2172 324 2232 aut
347 2169 539 2250 quibusdam
564 2169 634 2234 eius
659 2170 810 2254 partibus
836 2171 1016 2235 communia
1050 2173 1127 2234 sunt
1181 2169 1226 2234 At
1250 2168 1445 2252 epylliorum

264 2291 369 2354 genus
393 2272 626 2339 adumbratum
652 2273 783 2339 obstant
815 2273 975 2338 maxinme
992 2271 1224 2339 difficultates:
1250 2272 1372 2338 etenim
1401 2291 1443 2339 ex

267 2375 765 2461 epylliorumillexandrinorum
778 2395 912 2440 nmucro
936 2377 1010 2442 olim
1035 2375 1122 2442 haud
1145 2375 1243 2441 dubie
1266 2395 1444 2461 permagno

267 2498 330 2543 uon
354 2481 450 2559 plura
478 2499 573 2563 quam
602 2498 661 2544 sex
676 2479 771 2544 hodie
790 2483 922 2545 exstant
939 2498 1043 2562 eaque
1060 2479 1172 2544 multis
1189 2479 1287 2543 rebus
1303 2479 1391 2544 inter
1407 2497 1444 2544 se

267 2582 472 2667 discrepant3
507 2601 614 2666 neque
650 2581 844 2664 fragmentis
881 2586 1069 2648 ceterorum
1089 2581 1279 2667 epylliorum
1314 2601 1445 2664 magno·

265 2704 346 2768 pere
371 2685 568 2752 adiuvamur.
621 2687 739 2768 ltaque
763 2686 820 2752 vix
855 2686 948 2751 allud
972 2686 1067 2751 nobis
1090 2685 1297 2768 relinquitur,
1320 2684 1384 2752 nisi
1407 2691 1445 2752 ut

266 2809 315 2869 ea,
351 2808 433 2873 quae
468 2808 509 2853 ex
543 2791 604 2854 hoc
638 2793 824 2875 poematum
858 2808 982 2873 genere
1015 2788 1151 2855 fortuito
1187 2791 1322 2855 servata
1358 2794 1443 2873 sunt,

266 2911 503 2959 enumeremus
564 2891 629 2957 Sed
661 2894 722 2958 hoc
757 2892 1099 2959 modo-nanciscimur
1134 2892 1311 2974 imaginem
1346 2894 1442 2978 plane

266 2994 501 3080 imperfectam.
548 2996 630 3060 Nam
654 2997 741 3062 harod
764 3015 869 3082 pauca
893 3017 934 3062 ex
958 2999 1015 3076 eis,
1040 3014 1124 3078 quae
1158 2996 1192 3059 in
1217 2995 1347 3080 epylliis
1371 2997 1442 3061 Ale·

266 3099 433 3166 xaudrinis
458 3099 630 3184 plurimum
667 3099 813 3165 valuisse
851 3119 868 3166 c
904 3099 1103 3164 carminibus
1140 3116 1251 3164 eorum
1283 3099 1442 3165 similibus

219 3201 220 3206 ’
265 3207 414 3288 apparet,
437 3204 472 3267 in
497 3204 701 3269 conservatis
726 3203 853 3289 epylliis
877 3204 924 3268 Al.
951 3209 1008 3268 aurt
1032 3222 1108 3268 rara
1132 3205 1208 3268 sunt
1232 3206 1290 3268 aut
1313 3204 1441 3268 omnino

265 3307 384 3373 desunt
399 3307 433 3391 ¹).
481 3305 608 3372 Deinde
649 3307 788 3372 maxime
831 3307 1002 3373 dolendum
1047 3314 1100 3372 est
1134 3311 1269 3392 propter
1304 3327 1441 3394 parvum

265 3412 485 3497 exemplorum
509 3429 677 3476 numerum
700 3410 771 3476 fieri
797 3430 862 3477 nou
885 3430 991 3496 posse,
1015 3413 1053 3475 ut
1082 3414 1139 3475 aut
1164 3409 1286 3492 epyllia
1309 3429 1441 3476 accura-

264 3515 331 3580 tius
370 3515 410 3579 ab
451 3514 527 3579 aliis
561 3514 670 3600 poesis
703 3514 881 3596 generibus
918 3532 1132 3597 segregemus
1146 3512 1172 3599 ²)
1221 3515 1281 3578 ant
1318 3514 1441 3596 gradus

265 3636 438 3706 processus
474 3636 536 3698 que
564 3617 755 3703 epylliorum
778 3618 882 3703 ipsius
905 3618 1038 3700 generis
1063 3615 1215 3681 subtilius
1239 3615 1439 3684 definiamus.

264 3722 388 3786 Tamen
413 3722 556 3786 conabor
579 3740 634 3786 res
659 3721 852 3806 epylliorum
875 3721 1015 3788 maxime
1047 3718 1206 3806 proprias
1239 3720 1345 3805 quoad
1369 3721 1441 3787 eins

264 3824 339 3891 ficri
361 3825 494 3910 poterit,
518 3844 725 3910 percensere.

265 4049 477 4058 ————-.

354 4183 375 4248 ¹)
395 4180 512 4234 Proinde
532 4179 697 4249 gravissima
717 4182 814 4234 saltem
833 4198 866 4234 cx
885 4180 940 4234 illis
960 4180 1125 4234 carminibus
1145 4185 1328 4234 arcessantur.

354 4265 487 4333 ¹)Neque
519 4265 589 4320 enim
619 4266 683 4320 licet
714 4283 747 4319 ex
779 4284 818 4332 eo,
851 4268 921 4333 quod
953 4267 1121 4334 quarundam
1149 4267 1321 4335 propriarum
1346 4282 1440 4320 rerum

263 4352 388 4420 exempla
408 4353 514 4416 desunt,
534 4352 661 4422 colligere
682 4355 769 4406 toturn
789 4369 876 4422 genus
897 4353 936 4406 eis
957 4353 1086 4407 caruisse.
