3306 5076
24 4343 35 4396 t

627 1279 869 1348 Prooemium.

267 1427 361 1492 Inter
375 1427 490 1508 poetas
507 1424 750 1490 Alexandrinae
774 1425 905 1506 aetatis,
929 1426 984 1506 qui
1000 1428 1146 1494 carmina
1160 1426 1333 1494 narrative

150 1536 376 1618 scripserunt,
399 1532 483 1598 dnae
506 1530 651 1597 discerni
673 1537 810 1612 possunt
833 1529 1013 1598 factiones:
1037 1531 1145 1600 altera
1168 1533 1336 1614 antiquam

155 1642 405 1709 Homericorum
441 1638 621 1704 carminum
652 1638 925 1703 consuetudinem
960 1641 1106 1706 retinere
1141 1641 1333 1718 conabatur,

155 1750 273 1830 altera,
286 1748 361 1829 quia
376 1746 461 1812 hunc
477 1744 604 1810 modurn
621 1763 680 1811 suo
695 1743 834 1826 tempori
849 1763 913 1810 non
932 1747 1108 1813 convenire
1125 1748 1287 1813 censebat
1296 1743 1333 1830 ¹),

155 1855 201 1922 ad
232 1874 317 1921 nova
349 1851 506 1918 tendebat
519 1851 553 1931 ²).
600 1850 649 1917 De
681 1850 733 1917 his
757 1851 851 1917 novis
885 1851 1004 1917 studiis
1030 1854 1153 1934 primus
1168 1851 1205 1937 8),
1237 1869 1336 1932 quan·

156 1966 228 2027 tum
255 1961 385 2041 scimus,
409 1963 444 2024 et
467 1957 607 2024 omnium
631 1958 850 2024 disertissime
874 1959 978 2025 verba
1001 1957 1082 2025 iecit
1105 1959 1334 2026 Callimachus.

157 2069 263 2134 Recte
296 2067 383 2133 enim
418 2072 619 2148 cognoverat
651 2083 687 2131 se
717 2063 879 2131 facultate
920 2065 1074 2131 carminis
1105 2065 1229 2132 heroici
1262 2082 1335 2129 con-

154 2173 322 2242 scribendi
347 2190 461 2238 carere
475 2173 510 2252 4).
558 2171 671 2252 Neque
702 2171 807 2237 solum
842 2169 905 2236 sibi
931 2169 1004 2252 ipsi,
1035 2170 1094 2235 sed
1128 2170 1229 2236 etiam
1257 2169 1333 2236 aliis

161 2281 269 2362 poetis
293 2278 524 2344 Alexandrinis
548 2277 590 2343 ad
624 2277 691 2342 tale
722 2295 853 2342 carmen
877 2276 1132 2359 componendum
1156 2277 1245 2341 vires
1269 2294 1334 2341 non

151 2386 311 2454 sufficere
333 2386 436 2468 probe
459 2385 595 2450 sciebat.
627 2385 743 2465 Itaque
765 2401 921 2468 magnum
938 2383 1057 2450 librum
1074 2383 1220 2464 appellat
1243 2401 1329 2466 mag·

157 2512 234 2559 num
257 2494 375 2559 malum
392 2490 445 2576 (ir.
463 2491 542 2578 359)
567 2497 602 2556 et
617 2494 723 2556 artem
739 2494 856 2575 σχοίνῳ
876 2489 1074 2556 metiendam
1091 2508 1165 2556 esse
1181 2493 1283 2573 negat
1296 2489 1333 2572 ὓ).

161 2599 227 2665 Sed
261 2600 451 2682 magnitudo
482 2599 556 2678 ipsa
590 2597 622 2662 ei
654 2616 756 2663 causa
787 2595 977 2662 offensionis
1013 2614 1088 2663 esse
1120 2615 1184 2663 non
1214 2595 1332 2677 potuit

157 2705 273 2770 Potius
307 2704 440 2770 heroica
472 2704 618 2768 carmina
650 2721 771 2786 magna
796 2705 934 2784 sprevit,
957 2703 1034 2783 quia
1055 2706 1190 2768 maltam
1221 2706 1335 2766 limam

151 2811 328 2878 continere
351 2810 502 2876 solebant
513 2815 557 2884 (v.
570 2811 675 2892 hymn.
699 2810 734 2875 ΙΙ
760 2811 823 2878 108
849 2809 920 2895 sq.).
967 2809 1078 2890 Neque
1102 2809 1224 2875 iniuria
1247 2808 1335 2875 viam

159 2913 339 2993 poetarum,
363 2910 417 2991 qui
434 2911 604 2976 etiamtum
621 2911 795 2976 Homerum
808 2911 836 2996 ⁶)
859 2909 1083 2992 imitabantur,
1106 2909 1202 2975 nimis
1218 2909 1333 2974 tritam

152 3011 251 3076 dixit.
303 3008 350 3076 ef.
375 3010 477 3093 epigr.
501 3011 659 3090 XXVHI,
689 3010 772 3092 quod
794 3010 870 3092 hnc,
901 3027 965 3076 non
997 3011 1039 3076 ad
1063 3013 1178 3090 poetas
1202 3007 1331 3075 Ionicos

158 3111 293 3176 Homeri
322 3110 467 3193 vestigia
490 3115 697 3194 persecutos,
732 3112 796 3176 etsi
831 3129 887 3178 eos
911 3110 1129 3177 Callimachus
1164 3110 1252 3176 haud
1283 3110 1333 3176 ita

246 3361 268 3430 ¹)
288 3361 325 3414 Et
342 3359 465 3426 profecto
489 3361 566 3412 actes
592 3358 778 3412 Alexandrina
803 3358 969 3412 carminibus
995 3357 1113 3412 heroicis
1141 3355 1335 3423 componendis

153 3455 212 3495 non
236 3441 389 3508 opportuna
407 3441 483 3503 erat;
514 3437 548 3491 ci.
571 3438 678 3504 Rohde,
706 3439 763 3492 Der
785 3439 882 3508 priam
901 3438 1004 3492 limana
1021 3439 1076 3491 aad
1092 3439 1162 3492 caca
1184 3435 1336 3503 Vorldafer,

155 3539 182 3592 p.
203 3521 306 3576 19-21
328 3519 438 3588 (prioris
457 3520 541 3588 edit).

261 3603 282 3673 ¹)
301 3603 395 3658 Poetae
414 3621 490 3657 acccc
508 3602 591 3657 huius
610 3602 738 3657 factionis
757 3606 853 3670 poetas
872 3603 1018 3657 brevitatis
1038 3617 1121 3657 causa
1140 3601 1258 3655 nomino.

264 3683 284 3753 ⁸)
303 3683 373 3736 Nam
386 3682 562 3736 Theocritum
584 3699 605 3736 c.
616 3684 670 3738 VII
683 3682 789 3736 45-48
801 3682 967 3737 sententiam
980 3682 1104 3737 Philotae
1122 3681 1226 3735 referre
1238 3678 1334 3734 Rohde

149 3767 184 3834 ·(l.
202 3767 220 3820 l.
239 3783 265 3834 p.
285 3765 329 3834 22)
349 3781 403 3819 non
421 3769 496 3818 recte
515 3764 637 3820 conicere
656 3765 724 3819 mihi
746 3766 869 3832 violetur,
896 3765 961 3833 quia
985 3766 1061 3820 nulla
1078 3779 1109 3820 re
1128 3765 1335 3818 demonstratur

153 3849 284 3920 'Thalysia
306 3849 339 3903 ah
359 3848 532 3902 adulescente
557 3849 703 3903 Theocrito
728 3847 879 3915 composita
903 3863 972 3903 esse.
1008 3849 1081 3902 Malo
1108 3849 1222 3914 propter
1244 3843 1335 3912 prima

148 3929 283 3984 carminis
302 3928 387 3982 verba
404 3931 501 3994 putare
514 3927 588 3982 inter
600 3943 709 3982 carmen
728 3932 757 3982 et
773 3943 827 3994 res,
847 3928 881 3980 ad
900 3942 968 3995 quas
980 3931 1063 3995 poete
1074 3924 1195 3993 respicit,
1214 3923 1336 3990 aliqnan-

153 4011 214 4062 tnm
232 4006 364 4074 temporie
383 4005 580 4061 intercessisse.

244 4089 266 4156 ⁴)
285 4091 330 4144 Fr.
351 4089 416 4156 165,
442 4105 558 4156 quocum
576 4089 689 4158 Dilthey
714 4091 767 4157 (aa.
788 4088 856 4144 Call.
869 4105 895 4157 p.
915 4089 942 4158 5)
968 4091 1031 4155 apte
1049 4086 1084 4141 ir.
1103 4086 1158 4141 490
1177 4083 1355 4153 coniunxit3·

148 4171 190 4228 ci.
209 4171 364 4238 Schneider,
386 4171 561 4227 Callimachea
579 4173 609 4226 H
627 4189 653 4241 p.
672 4172 733 4226 647.

244 4253 266 4324 ¹⁵)
283 4255 329 4309 Fr.
348 4253 410 4321 481,
433 4255 467 4308 ci.
485 4255 588 4323 Rohde,
607 4257 625 4311 l.
644 4256 662 4310 l.
681 4271 707 4322 p.
727 4254 762 4308 22
780 4271 807 4309 n.
825 4254 852 4309 3.

246 4337 270 4410 ⁶)
290 4337 409 4393 Homero
438 4336 492 4405 ipsi
514 4346 607 4410 poetae
633 4340 691 4392 aovi
718 4338 835 4406 quodam
853 4337 932 4392 modo
953 4335 1085 4391 contrarii
1106 4350 1166 4390 esee
1189 4333 1243 4389 sibi
1261 4333 1336 4390 vide·
