3306 5076
599 462 603 470 '
702 463 876 530 -le-

201 643 242 706 12
267 659 326 726 sq,
348 639 392 706 25
416 659 473 722 sq,
497 640 539 707 30
563 641 633 722 sp),
657 658 681 704 c
705 639 765 721 XI,
789 639 872 720 quod
894 640 1062 723 hucusque
1085 639 1120 704 in
1143 658 1276 706 numere
1300 659 1377 722 pee-

197 747 322 810 matum
344 743 563 811 bucolicorum
585 742 733 808 habIturn
758 746 819 826 est,
841 743 955 810 Bionis
985 743 1124 825 Galatea,
1147 744 1204 810 ubi
1220 743 1370 826 Galatea,

198 856 236 915 ut
260 847 400 930 videtur,
423 851 558 928 pastore
580 845 730 912 erbetum
764 864 900 929 gregem
935 865 1075 928 pascens
1104 847 1299 913 'introducta
1322 853 1375 914 est

200 952 355 1039 (Helland
378 952 396 1015 l.
413 952 432 1016 l.
449 971 479 1032 p.
505 951 594 1037 271).
617 989 661 998 -
684 950 821 1017 Accedit
844 970 922 1016 cura
944 969 1093 1017 rerum
1116 949 1377 1018 familiari·

204 1076 270 1122 um
287 1058 331 1139 ¹),
367 1073 448 1136 quae
472 1055 647 1136 praecipue
680 1054 716 1119 in
739 1056 858 1119 Hecate
882 1055 1064 1136 comparuit
1087 1053 1142 1136 (cf.
1165 1055 1292 1137 Haupt,
1317 1057 1373 1142 Op.

201 1162 218 1226 I
241 1180 270 1240 p.
295 1159 382 1243 253).
414 1197 455 1206 —
480 1159 655 1224 Artissime
678 1177 776 1238 porro
801 1159 956 1224 cohaeret
980 1177 1050 1224 cum
1075 1158 1194 1225 studiis
1217 1159 1374 1226 bucolicis

200 1264 370 1344 poetarum
394 1261 671 1327 delectatio
695 1281 713 1326 e
737 1264 913 1327 natura
936 1263 1132 1344 hausta,
1163 1282 1244 1343 quae
1276 1264 1374 1328 hemi-

199 1385 275 1431 num
298 1365 409 1432 taedIo
433 1365 633 1430 urbanitatis
658 1364 754 1431 nimis
780 1366 930 1430 excultae
955 1369 1123 1447 captorum
1157 1367 1291 1447 propria
1314 1371 1373 1434 est.
1470 1442 1473 1447 ,

200 1469 290 1548 Quae
315 1469 491 1536 delectatio
516 1472 574 1534 aut
598 1488 616 1534 e
639 1487 811 1550 poetarum
834 1469 978 1550 ipsorum
1001 1471 1113 1536 verbis
1131 1471 1249 1552 elucet,
1273 1475 1310 1537 ut
1333 1492 1375 1538 ex

199 1574 249 1639 Th
280 1574 366 1638 XIII
389 1574 518 1640 40-42
535 1574 570 1658 Ξ),
593 1579 651 1639 aut
677 1591 695 1638 e
718 1573 830 1641 verbis
856 1592 976 1655 eorum,
1000 1593 1078 1654 quos
1092 1575 1274 1660 ‚loquentes
1297 1575 1374 1642 faci·

201 1680 277 1758 unt,
310 1697 339 1742 v.
372 1677 430 1741 Th.
454 1677 505 1741 XI
528 1677 670 1755 45--48,
693 1676 794 1742 XXV
824 1677 933 1745 7-33
971 1677 1025 1763 (ci.
1050 1698 1080 1760 p.
1105 1680 1172 1761 26),
1197 1679 1275 1744 Call.
1300 1681 1374 1744 Hac.

168 1778 173 1785 '
201 1781 253 1844 col
284 1781 331 1845 IV
356 1782 396 1848 11
422 1801 491 1865 sqq.
508 1780 718 1864 —Denique
743 1800 868 1846 summa
892 1800 964 1845 cum
989 1799 1070 1846 cura
1092 1785 1229 1863 praeter
1244 1786 1374 1849 ceteras

200 1884 397 1966 cupiditates
421 1904 484 1948 arn
498 1903 515 1949 o
528 1904 544 1948 r
578 1885 656 1949 des
671 1903 688 1949 c
702 1885 773 1949 rib
786 1886 797 1948 i
810 1891 824 1950 t
837 1904 858 1949 u
871 1904 904 1965 r;
941 1904 1131 1966 quamquam
1154 1886 1250 1951 huius
1274 1887 1375 1953 studii

199 1988 337 2072 plurIma
361 1997 463 2074 alque
479 1989 678 2071 gravissima
693 1990 842 2073 exempla
857 1991 1034 2074 perlerunt.
1067 1991 1248 2072 Imaginem
1263 1996 1374 2058 autem

198 2093 301 2158 totius
324 2093 421 2157 huius
450 2093 560 2177 poesis
589 2094 769 2159 amatoriae
797 2092 910 2159 Rohde
935 2093 968 2178 ll.
995 2094 1013 2157 l.
1046 2113 1076 2176 p.
1108 2095 1272 2176 145-65)
1306 2099 1374 2161 tam

200 2196 336 2278 egregie
352 2197 526 2281 expressit,
550 2201 587 2261 ut
603 2187 814 2262 hoc'munere
832 2197 1048 2281 supersedere
1066 2216 1190 2282 queam.
1258 2199 1303 2263 Et
1315 2200 1375 2266 hoe

199 2300 376 2364 notandum
399 2304 451 2366 est
474 2304 588 2386 poetas
612 2300 698 2365 haud
715 2320 790 2366 raro
813 2301 846 2364 in
871 2300 1044 2365 affectibus
1060 2303 1268 2386 moribusque
1286 2303 1375 2369 effin-

202 2405 564 2487 gendiseoshomines,
589 2409 667 2491 qui
691 2404 944 2470 infabuliS
969 2405 1135 2488 exigui
1159 2408 1374 2474 momenti

200 2514 325 2590 sunt,
349 2511 384 2574 in
401 2510 597 2575 carminibus
614 2510 730 2594 prim
745 2529 762 2574 o
788 2511 889 2575 leco
906 2510 1064 2593 posuisse,
1088 2511 1122 2576 id
1140 2511 1225 2595 quod
1240 2512 1379 2599 insuper

198 2630 355 2677 novarum
380 2632 488 2678 rernm
512 2612 618 2680 studio
643 2616 781 2678 marrIme
806 2615 972 2694 convenIt3
998 2613 1038 2680 ef.
1063 2635 1111 2696 ea,
1137 2635 1220 2700 quae
1244 2617 1372 2682 Wilam.

202 2719 294 2798 (Eur.
319 2719 445 2782 Hamil.
469 2717 498 2782 1²
530 2739 559 2802 p.
584 2719 627 2785 85
660 2719 732 2782 adn.
771 2719 847 2804 161)
872 2720 911 2783 de
935 2720 978 2783 Ill.
1002 2720 1049 2783 IV
1073 2720 1224 2786 disserit:
1255 2725 1305 2786 ‘es
1329 2724 1375 2787 ist

201 2821 281 2902 sein,
298 2822 361 2886 wia
378 2823 563 2907 iiberhaupt
579 2823 638 2887 der
654 2824 811 2887 besseren
827 2823 1096 2889 hellenistischen
1107 2828 1235 2908 pecten,
1252 2828 1374 2908 zweck,

201 2925 254 2991 die
280 2926 514 2992 allbekannten
549 2926 638 2993 alten
674 2926 769 2992 stoffe
806 2927 954 2993 dadureh
977 2946 1017 2992 zu
1042 2946 1212 3009 erneuern,
1236 2931 1314 2995 dass
1338 2951 1375 2996 er

199 3030 259 3094 das
283 3029 365 3093 Iicht
388 3027 447 3094 auf
469 3028 590 3094 andere
620 3049 782 3110 personen
807 3028 906 3095 fallen
931 3032 1015 3096 lassi
1040 3083 1119 3096 ....
1147 3033 1220 3097 hier
1242 3033 1375 3099 werden

199 3137 323 3197 multer
340 3132 405 3196 und
420 3133 529 3214 galtin
546 3133 613 3197 hell
629 3134 827 3214 beleuehtet,
851 3133 917 3199 und
941 3135 993 3200 die
1019 3154 1099 3216 sage
1122 3137 1182 3201 hat
1203 3156 1267 3202 nur
1290 3139 1375 3226 neeb

200 3236 265 3300 den
289 3236 451 3301 relativen
474 3241 567 3319 wart,
591 3236 704 3301 dlesen
740 3241 841 3323 typen
877 3239 1090 3305 individuelle
1114 3241 1376 3321 persanIchkeit

203 3356 246 3404 nn
271 3338 468 3403 verleiben'.
492 3379 536 3388 -
561 3339 836 3418 Quemadmodum
856 3343 888 3406 ln
913 3342 973 3407 hoc
997 3343 1126 3426 epyllio,
1161 3344 1239 3410 item
1264 3345 1298 3408 ln
1323 3365 1372 3409 ce-

204 3443 298 3523 teris,
323 3449 413 3508 certe
436 3444 470 3508 in
486 3445 635 3526 heroicis,
660 3465 714 3510 res
739 3465 774 3511 se
798 3446 917 3512 babet:
941 3444 1075 3511 fabulae
1098 3447 1205 3512 miuus·
1228 3449 1373 3533 Ipsarum

198 3564 300 3612 causa
323 3554 509 3628 narrantur,
545 3567 641 3630 quam
677 3548 753 3632 quia
787 3549 895 3630 poetis
931 3550 1135 3617 occasionem
1159 3550 1238 3616 dant
1262 3571 1372 3616 rerum

197 3648 412 3714 humanarum
435 3649 724 3736 depingendarum.
1354 3665 1356 3670 '

198 4005 411 4014 ——-.....·

286 4266 309 4334 ¹)
329 4267 378 4319 Th.
398 4268 489 4322 XXIV
508 4269 543 4321 34
562 4284 619 4335 sqq.
639 4270 693 4323 lam
713 4271 795 4323 attuli
815 4275 852 4338 lp.
872 4274 925 4330 48.

285 4355 296 4388 ⁸
326 4355 397 4410 Hine
416 4356 487 4409 enim
507 4358 738 4412 enumerationem
756 4361 919 4426 plantarum,
949 4377 1017 4427 quae
1036 4362 1163 4416 hocloco
1191 4364 1237 4418 vix
1266 4381 1374 4432 exspec-

195 4445 280 4510 tatur,
300 4450 408 4498 enatam
428 4461 488 4499 esee
508 4443 681 4513 crediderim
701 4449 783 4503 aliter
801 4450 904 4503 iudicat
922 4452 1003 4519 Legr.
1023 4451 1039 4504 l.
1059 4452 1076 4505 l.
1096 4468 1121 4520 p.
1142 4454 1201 4510 901.
