3306 5076
678 469 855 536 „21-

287 645 469 712 Diiudicari
485 650 597 726 posset
609 645 687 712 ordo
705 647 891 729 carminum,
908 647 937 712 si
951 646 1008 729 eis,
1026 667 1107 727 quae
1120 649 1216 714 Helm
1230 653 1362 733 (Herm.

169 754 301 826 XXIX
324 772 355 833 p.
386 751 446 819 161
476 749 559 837 sqq.)
594 749 791 831 disputavit,
814 751 910 818 fidem
933 752 1056 818 habere
1080 755 1198 821 liceret
1212 758 1244 841 ¹).
1291 760 1358 827 Sed

177 878 255 924 cuin
279 859 426 935 tempora
451 872 563 919 earum
586 871 705 934 rerum,
730 873 748 918 e
773 855 889 933 quihus
914 856 1058 921 certiora
1083 858 1193 941 colligi
1227 872 1359 948 queant,

181 961 322 1027 nondum
345 958 427 1024 satis
452 957 623 1038 explorata
646 958 723 1038 sint,
747 956 824 1022 ordo
849 960 1029 1024 carminum
1054 961 1158 1026 adhuc
1174 963 1360 1044 ignoratur.

289 1077 478 1144 Carmine
491 1075 606 1140 XXII
614 1075 819 1141 Theocritum
834 1076 987 1141 similiter
998 1080 1096 1158 atque
1107 1097 1132 1145 c.
1149 1080 1235 1145 Xlll
1245 1102 1359 1151 narra·

166 1185 302 1250 tionem
322 1181 567 1261 Apollonianam
590 1180 774 1244 correxisse
790 1179 928 1245 Knaaok
947 1181 1114 1248 contendit
1127 1184 1249 1264 (P.-W.
1264 1189 1301 1252 R.
1321 1190 1357 1254 Π

183 1290 270 1374 127),
285 1306 349 1352 non
365 1282 617 1360 demonstravit;
642 1300 780 1362 namque
804 1286 998 1364 argumenta
1023 1283 1141 1350 afferre
1158 1291 1357 1368 supersedit.

286 1407 397 1473 Etiam
420 1404 454 1467 in
477 1402 735 1468 carminibus
752 1399 888 1465 XXIV
905 1409 946 1467 et
961 1401 1072 1467 XXV
1085 1405 1294 1473 Theocritum
1311 1411 1353 1476 ad

179 1511 403 1599 Argonautica
426 1511 577 1588 spectare
604 1506 735 1572 Geroke
759 1505 901 1570 affirmat
934 1509 1025 1588 (otoo.
1050 1511 1110 1574 Rd.
1136 1511 1180 1577 44
1203 1531 1231 1592 p.
1258 1517 1358 1599 143);

176 1625 265 1702 ‘Zug
297 1638 350 1683 um
379 1617 450 1697 Zug
484 1614 572 1678 kann
601 1631 676 1677 man
710 1631 752 1676 an
775 1611 901 1694 ihnen',
932 1614 1054 1694 inquit,
1078 1613 1159 1682 ‘fast
1183 1618 1235 1682 die
1259 1620 1358 1704 parda.

167 1726 318 1810 -gogisch
341 1739 382 1785 zu
406 1716 575 1784 neunende
599 1716 761 1798 [ligenart
784 1716 843 1781 des
867 1716 1022 1783 Dichtors
1052 1720 1196 1797 spiiren'.
1243 1723 1358 1792 Sensit

172 1831 311 1899 Gercke
334 1830 419 1892 hanc
441 1823 686 1906 proprietatem,
709 1839 773 1885 non
797 1822 950 1887 ostendit.
999 1821 1091 1900 Quod
1125 1825 1211 1889 enim
1234 1830 1357 1896 attinet

180 1940 221 2007 ad
246 1959 273 2004 c.
298 1933 424 2014 XXW,
448 1931 483 1995 in
506 1928 622 1993 tabula
654 1927 806 1990 similium
835 1927 987 2007 locorum,
1021 1948 1114 2008 quam
1149 1933 1358 2002 concinnavit

176 2047 265 2115 haud
288 2047 336 2110 ita
360 2041 478 2121 anxie,
507 2038 587 2102 nihil
610 2036 760 2116 repperi,
788 2037 850 2100 nisi
880 2036 963 2116 quod
995 2042 1028 2101 et
1059 2045 1135 2120 Arg.
1168 2040 1295 2107 11035
1320 2052 1357 2112 et

162 2164 236 2227 'Th
261 2158 376 2224 XXlV
401 2157 443 2223 69
468 2173 513 2233 sq.
539 2152 583 2238 (u.
609 2151 739 2216 Geroke
762 2170 783 2230 p
819 2151 896 2230 139)
922 2153 1088 2216 sententia
1105 2153 1191 2232 apud
1208 2153 1356 2223 Graecos

105 2247 108 2254 ¹
178 2264 353 2330 tritissima
378 2257 577 2338 exprimitur.
616 2254 808 2334 Proprietas
825 2253 890 2333 illa,
907 2272 1000 2334 quam
1018 2254 1149 2321 Gercke
1165 2261 1355 2339 perspicere

180 2369 243 2434 sibi
266 2367 356 2434 visus
380 2368 441 2443 est,
465 2361 492 2425 si
517 2360 576 2426 tali
592 2364 786 2440 argumento
802 2359 1007 2441 probaretur,
1031 2360 1062 2422 in
1081 2362 1193 2440 quovis
1211 2366 1356 2431 carolino

178 2471 386 2557 agnoscenda
423 2473 522 2535 esset.
577 2467 689 2546 Neque
724 2466 855 2530 maioris
890 2467 1044 2545 ponderis
1088 2472 1165 2533 sunt
1200 2488 1240 2535 ea
1272 2490 1356 2550 quae

174 2581 266 2645 idem
298 2577 338 2642 do
371 2594 396 2640 c.
426 2573 524 2639 XXV
538 2571 566 2656 ²)
589 2571 727 2653 protulit
751 2569 784 2656 (l.
810 2573 831 2636 l.
855 2590 885 2650 p.
912 2573 991 2638 142:
1036 2572 1075 2636 de
1105 2593 1152 2640 vs.
1193 2575 1357 2658 181-88,

179 2679 378 2765 rao-200).

257 2827 259 2832 ·
283 2805 441 2872 Videmus
464 2804 568 2886 igitur
590 2805 625 2868 in
648 2804 736 2869 nullo
770 2804 982 2885 epylliorum,
1012 2823 1093 2884 quae
1118 2805 1158 2870 ad
1182 2806 1356 2875 discidium

173 2914 342 2995 pertinere
366 2912 533 2990 putantur,
557 2909 704 2991 vestigia·
724 2909 968 2972 inimicitiarum
994 2902 1192 2990 comparere.
1240 2914 1355 2995 Neque

171 3025 238 3099 est,
262 3035 360 3098 quare
384 3015 442 3079 illa
465 3014 589 3096 epyllia
612 3015 675 3078 hac
706 3015 746 3079 de
776 3034 876 3079 causa
905 3014 1028 3094 scripta
1054 3034 1127 3081 esse
1152 3035 1354 3086 censeamus.

175 3123 323 3189 Esimili
348 3119 476 3200 quidem
505 3120 640 3184 consilio
672 3125 768 3199 atque
793 3121 921 3186 ratione
958 3120 1127 3186 discidium
1163 3130 1197 3188 et
1232 3125 1355 3208 epyllia

176 3232 276 3294 enata
299 3233 391 3295 scrut:
416 3226 457 3290 ad
482 3228 650 3314 epyllia
673 3228 758 3291 enim
783 3228 1020 3292 conscribenda
1045 3235 1163 3312 poetae
1186 3249 1223 3295 se
1247 3243 1354 3298 verte-

175 3335 261 3414 runt,
297 3332 372 3412 quia
403 3329 538 3398 heroica
570 3331 715 3397 carmina
751 3349 824 3394 esse
857 3331 1091 3414 intempestiva
1121 3339 1354 3419 cognoverant,

168 3437 347 3505 discidii
371 3441 477 3525 prima
500 3457 600 3502 causa
634 3436 737 3501 fuisse
761 3435 895 3501 videtur
928 3437 1194 3522 intempestivum
1221 3457 1353 3506 carmen

175 3545 337 3630 Apollonii
352 3544 386 3630 ³).
433 3543 498 3609 Sed
522 3544 611 3607 illam
635 3541 922 3621 necessitudinem,
947 3560 1041 3621 quam
1070 3543 1159 3608 inter
1181 3543 1354 3612 discidium

174 3653 211 3714 et
235 3650 353 3735 epyllia
378 3667 452 3715 esse
485 3650 549 3716 viri
574 3649 660 3714 dooti
685 3647 823 3729 ducunt,
856 3666 892 3711 re
926 3666 1005 3714 vera
1030 3666 1104 3714 esse
1129 3669 1221 3715 nemo
1245 3653 1355 3716 adhuc

177 3753 426 3822 demonstravit.

175 3949 387 3960 ———--

264 4075 288 4144 ¹)
308 4077 350 4131 df.
369 4094 410 4146 ea,
430 4096 499 4147 queo
518 4080 644 4144 bagrand
664 4081 685 4149 (l
711 4081 728 4134 l.
748 4099 774 4148 p.
793 4081 828 4138 49
847 4081 915 4147 sqqi
935 4084 1028 4134 eontra
1048 4080 1124 4135 dixit.

264 4162 286 4229 ²)
304 4164 344 4218 No
364 4167 431 4221 ordo
451 4167 555 4233 quidem
575 4170 654 4221 huius
674 4170 799 4221 carminis
818 4175 846 4223 et
874 4168 1112 4234 Argonauticorum
1140 4173 1261 4235 constat,
1290 4183 1354 4227 nani

172 4251 302 4308 urionem
321 4254 364 4320 (ile
385 4254 515 4308 Theocriti
535 4257 587 4308 cito
615 4257 819 4326 carminibusque
838 4257 988 4323 orrbditioiir,
1016 4275 1041 4324 p.
1062 4261 1108 4326 66)
1137 4265 1295 4326 argumenta
1313 4263 1352 4316 le-

164 4340 222 4395 -via
240 4342 307 4394 mibi
326 4341 460 4397 videntur.

265 4429 284 4497 ³,
305 4430 345 4482 ef.
366 4430 431 4483 coll.
451 4432 542 4499 hymn.
562 4433 591 4486 II
612 4436 669 4498 106,
692 4435 831 4493 loe-rra
850 4439 877 4488 et
897 4455 921 4506 p.
941 4437 958 4489 9
978 4452 1016 4508 sq.
