3306 5076
664 409 843 476 ..23-

156 591 248 656 dium
265 591 376 655 autem
392 639 399 653 .
416 637 445 651 ..
472 585 596 667 incepti
615 584 769 651 carminis
786 584 930 652 studium
945 582 1106 664 paulatim
1122 579 1266 652 fortasse
1291 582 1352 650 fri·

165 696 329 778 gesceret,
363 690 555 774 opusculum
587 687 816 772 imperfectum
851 706 955 769 neque
988 688 1185 772 perpolitum
1207 689 1242 754 in
1266 689 1349 754 scri-

167 802 232 868 niis
248 795 445 881 reposuisse’
468 794 513 881 (pc
537 795 605 878 98).-
650 796 698 859 Ac
713 795 852 881 primum
868 793 996 874 quidem
1018 793 1198 859 Rannowic
1215 795 1249 858 in
1274 813 1349 858 car-

166 907 264 972 minis
291 905 397 986 prima
426 904 522 983 parte
553 903 614 982 (vs.
635 899 756 984 1-63)
784 899 895 963 ‘multa
919 897 1017 964 nimis
1044 898 1174 965 ahsoise
1202 894 1346 979 depicta'

167 1029 246 1077 esse
269 1009 431 1076 videntur.
490 1005 556 1071 Sed
591 1005 760 1070 licentiam
794 1003 882 1069 illam
905 1008 980 1082 post
1012 1021 1061 1068 νε.
1087 1003 1129 1069 10
1164 1002 1346 1069 adhibitam

163 1117 218 1200 (R.
242 1134 273 1200 p.
296 1113 353 1198 89)
388 1111 474 1178 haud
501 1109 667 1176 insolitam
691 1107 795 1174 fuisse
829 1105 918 1172 infra
941 1107 1119 1189 ostendam,
1154 1125 1258 1188 neque
1282 1113 1347 1190 est,

164 1239 226 1286 cur
248 1220 283 1285 in
307 1236 353 1284 νε.
377 1217 421 1284 22
446 1217 480 1280 et
503 1215 547 1279 34
571 1213 621 1296 (R.
645 1233 665 1298 p
699 1210 756 1286 89)
780 1209 963 1276 offendatur
980 1210 1015 1295 ¹).
1068 1212 1170 1277 Paulo
1194 1212 1345 1280 duriores

165 1343 217 1392 νε.
244 1324 287 1388 60
311 1341 375 1403 sqq.
399 1317 507 1387 videri
530 1321 675 1404 possunt,
699 1315 756 1382 sed
781 1315 840 1379 snb
864 1315 928 1379 fine
945 1315 1144 1382 narrationis
1164 1317 1345 1402 scriptores

167 1428 367 1514 epylliorum,
399 1432 437 1491 ut
460 1421 548 1491 inira
584 1440 750 1508 exponam,
782 1421 945 1486 interdum
972 1419 1185 1489 festinantius
1209 1442 1344 1508 progre-

164 1533 307 1599 diuntur.
353 1531 441 1596 Ante
465 1548 513 1596 vs.
536 1529 580 1597 35
605 1529 640 1591 et
664 1526 707 1594 50
731 1524 812 1590 nihil
835 1525 962 1609 perisse
985 1525 1144 1593 Rannow¹
1159 1531 1252 1593 recte
1279 1547 1344 1596 mo-

163 1645 239 1710 nuit
260 1646 295 1708 et
319 1660 384 1722 eos,
408 1640 556 1720 quiante
579 1655 626 1703 νε.
650 1635 694 1701 50
709 1635 863 1702 nonnulla
887 1636 1050 1702 excidisse
1074 1637 1233 1723 suspicati
1255 1643 1344 1723 sunt,

166 1751 328 1818 refutavit
351 1754 392 1834 (p.
417 1747 459 1814 92
484 1745 553 1833 sq).
612 1744 677 1809 Sed
710 1745 810 1808 miror
833 1744 864 1808 ci
887 1746 971 1809 hanc
996 1745 1196 1810 narrationis
1220 1747 1341 1814 vivaci·

160 1858 270 1921 tatem
309 1853 498 1938 disphcere;
537 1869 611 1914 nam
650 1849 818 1933 aptissime
858 1854 957 1928 atque
991 1849 1208 1934 pulcherrime
1242 1855 1343 1937 poeta

165 1963 302 2040 utroque
326 1958 396 2023 loco
421 1973 490 2020 rem
513 1954 628 2037 gessit.
673 1952 784 2017 Etiam
800 1954 904 2018 mator
920 1956 972 2019 est
987 1954 1122 2019 licentia
1136 1955 1171 2018 iu
1195 1974 1221 2021 c.
1238 1956 1342 2022 XXII

166 2065 211 2132 54
246 2082 325 2143 sqq,
359 2060 417 2126 ubi
448 2057 587 2124 mediam
622 2058 656 2122 in
690 2058 913 2123 narrationem
945 2057 1093 2140 dialogus
1119 2059 1263 2126 insertus
1288 2065 1346 2127 est

165 2174 276 2242 verbis
311 2169 440 2236 dicendi
474 2168 602 2234 omissis
637 2170 671 2232 et
706 2168 858 2234 slmiliter
890 2187 929 2234 ac
955 2168 1074 2233 XXIV
1097 2169 1138 2234 61
1165 2172 1340 2241 conclusus

166 2285 295 2352 verbis:
319 2285 338 2366 ἦ
364 2280 551 2365 ῥ’Ἄμυκος
574 2283 635 2344 κτλ.
653 2279 805 2365 (vaih).
851 2277 955 2356 Quam
977 2281 1120 2347 libenter
1143 2283 1341 2352 Theocritus

159 2395 328 2477 superflua
351 2393 453 2461 verba
477 2392 607 2458 dicendi
631 2391 724 2471 vitet,
747 2392 827 2456 item
851 2411 869 2457 c
892 2391 1007 2456 XXIV
1031 2393 1074 2461 68
1098 2394 1263 2478 discimus,
1279 2399 1340 2462 ubi

157 2509 269 2576 subito
294 2507 335 2572 ab
360 2505 492 2590 obliqua
516 2504 664 2570 oratione
688 2502 729 2568 ad
745 2507 869 2568 rectam
886 2505 1008 2571 transit
1024 2506 1075 2591 (R.
1092 2527 1120 2592 p.
1139 2507 1205 2592 94).
1244 2508 1337 2576 811111-

159 2621 223 2685 lem
257 2619 351 2684 Arati
386 2618 492 2684 locum
525 2615 584 2702 (νε.
610 2616 672 2682 121
699 2615 758 2696 sq.)
792 2615 939 2682 Rannow
973 2619 1044 2703 ipse
1079 2617 1196 2698 affert;
1232 2640 1340 2702 neque

156 2725 238 2792 mihi
262 2724 396 2792 videtur
419 2722 556 2789 multum
579 2723 752 2803 interesse,
775 2726 885 2788 utrum
910 2723 963 2788 hic
990 2725 1150 2790 transitus
1174 2726 1279 2793 medio
1302 2730 1340 2795 in

72 2881 76 2889 -
157 2851 259 2899 uersu
282 2851 324 2896 an
347 2832 381 2895 iu
404 2831 509 2896 altero
534 2848 633 2897 versu
656 2830 792 2894 ineunte
807 2830 873 2894 fiat.
923 2831 1047 2897 Nullius
1068 2851 1163 2918 porro
1179 2835 1337 2917 ponderis

152 2937 235 3002 sunt
259 2935 511 3020 discrepantiae,
539 2954 620 3015 quas
641 2936 789 3000 Ranuow
817 2936 905 3000 inter
940 2957 986 3004 vs.
1013 2939 1053 3006 13
1079 2959 1144 3020 sqq.
1170 2944 1267 3022 atque
1292 2944 1339 3012 84

154 3047 193 3106 et
215 3042 304 3106 inter
325 3059 372 3107 νε.
407 3041 448 3104 16
472 3058 511 3105 ac
535 3041 588 3121 85,
612 3043 654 3110 92
687 3042 896 3125 intercedere
932 3043 980 3107 ait
1012 3042 1053 3129 (p.
1079 3045 1150 3130 92);
1185 3066 1260 3112 nam
1284 3068 1337 3116 νε.

158 3145 314 3210 73-100
337 3144 480 3224 loquitur
503 3145 648 3212 Tiresias
673 3148 777 3226 vates
814 3164 876 3210 non
902 3151 1000 3231 poeta
1017 3151 1052 3232 8).
1111 3149 1224 3231 Neque
1252 3153 1338 3233 quod

157 3341 370 3352 ..-..-.-..-.

248 3461 268 3514 ¹1
291 3461 346 3514 Our
365 3459 489 3526 Iuppiter
513 3464 558 3514 νε.
579 3461 624 3516 Tit
645 3463 753 3516 domum
768 3463 827 3516 luce
847 3462 967 3530 impleat,
988 3465 1175 3533 unusquisque
1195 3485 1257 3522 mox
1275 3487 1335 3536 per·

157 3539 264 3606 spiciat.
302 3538 374 3592 Scite
394 3543 486 3592 autem
506 3540 668 3594 Theocritus
689 3558 798 3595 causam
822 3541 927 3608 omisit;
957 3559 1019 3596 nam
1046 3545 1105 3598 eius
1134 3547 1261 3601 interfuit
1279 3565 1333 3619 res,

157 3633 227 3684 quas
248 3618 412 3682 videremus,
433 3623 495 3671 ante
516 3619 607 3672 oculos
626 3636 735 3685 ponere,
755 3637 808 3674 uon
822 3621 896 3673 Iovis
910 3637 1001 3689 qqnem
1014 3623 1175 3679 brevissime
1189 3630 1334 3688 memorat)

154 3696 301 3765 consilium
322 3697 465 3762 explicare.
503 3699 549 3751 Vs.
569 3699 604 3751 31
623 3701 759 3766 Alcmene,
789 3700 853 3766 quia
881 3700 998 3766 aliquem
1021 3704 1166 3757 clamorem
1186 3707 1270 3773 audit,
1291 3725 1335 3762 cn·

156 3776 339 3844 pergiscitur;
358 3776 514 3844 legentibus
535 3783 626 3832 autem
647 3780 742 3834 statim
761 3780 934 3848 perspicuum
955 3788 1004 3849 est,
1025 3784 1086 3849 quis
1107 3785 1274 3840 clamaverit.

246 3879 269 3950 ²)
289 3880 438 3946 AptissIme
458 3886 535 3935 vates
555 3883 722 3950 generaliter
748 3885 780 3938 de
804 3885 862 3938 deis
882 3888 932 3947 (νε.
952 3887 1005 3951 81),
1025 3904 1079 3942 non
1099 3891 1131 3941 de
1150 3890 1253 3944 Iunone
1274 3894 1334 3946 sola

154 3958 285 4024 loquitur.
314 3960 462 4014 Praeterea
472 3976 511 4014 νε.
523 3962 556 4014 16
569 3962 686 4016 maxime
697 3968 841 4030 suspectus
855 3970 897 4018 est
913 3967 956 4032 (cf.
968 3967 1056 4019 Hiller
1068 3967 1096 4020 iu
1110 3969 1173 4021 edit.
1185 3971 1335 4025 Fritszch.³

156 4037 191 4088 ad
217 4051 257 4089 vs.
284 4037 330 4104 16)
359 4053 446 4103 neque
473 4045 587 4093 sanatur
610 4041 727 4094 Vahleni
752 4042 997 4110 interpretatione:
1025 4052 1179 4112 ‘serpentes
1205 4049 1334 4105 incitavit

155 4117 288 4169 adversus
317 4132 372 4182 eos,
403 4135 462 4171 cum
491 4125 658 4186 recusarent,
686 4122 766 4174 minis
783 4126 857 4188 usa';
877 4140 965 4190 neque
985 4125 1057 4178 enim
1076 4131 1142 4192 puto
1162 4129 1242 4182 minis
1263 4147 1332 4197 opus

154 4209 224 4260 csse,
253 4198 285 4247 ut
313 4201 454 4262 serpentes
483 4200 517 4251 ad
546 4201 675 4266 praedam
697 4201 881 4270 impellantur.
920 4206 1014 4270 Neque
1034 4214 1190 4275 repugnant
1208 4210 1283 4263 inter
1301 4227 1333 4265 se

154 4273 365 4338 vs.15et92;
394 4293 505 4331 namra
535 4295 600 4332 vera
628 4287 779 4350 serpentes,
811 4288 957 4354 postquam
986 4284 1054 4340 iussi
1083 4294 1155 4354 sunt,
1186 4291 1334 4346 voluerunt

153 4351 288 4407 infantem
308 4369 414 4408 necare.
