3306 5076
787 443 964 510 ..34-

287 621 409 686 tionem
432 615 661 698 pulcherrimis
695 617 763 684 illis
788 619 1085 701 descriptionibuS,
1119 640 1200 706 quas
1225 624 1312 704 apud
1335 625 1465 705 Apollo

287 736 377 800 nium
400 728 560 795 Rhodium
582 727 782 794 invenisset’
808 730 976 794 contendit
999 731 1043 816 (p.
1074 732 1126 812 39,
1150 731 1189 798 ci.
1208 732 1362 815 Koechly,
1386 736 1465 824 adn.

288 847 331 914 ad
355 843 464 922 Quint.
501 839 565 903 Sm.
589 838 622 903 X
657 839 723 906 440
758 842 792 904 et
822 841 888 906 444
904 843 974 925 sod.
1020 842 1286 924 Discrepantiam
1320 846 1408 912 illam
1444 868 1466 913 a

288 956 415 1026 Rohdio
440 953 587 1017 notatam
620 949 717 1014 nimis
741 951 800 1014 vili
822 952 966 1018 remedio
997 952 1084 1017 idem
1116 954 1165 1018 ita
1189 974 1307 1021 sanare
1341 959 1466 1040 studet,

288 1073 327 1136 ut
349 1069 480 1147 longam
503 1061 654 1125 lacunam
678 1063 806 1127 statuat
838 1061 868 1145 (l.
896 1063 917 1128 l.
942 1081 971 1143 p.
990 1063 1046 1148 40)
1071 1064 1240 1144 amplexus
1264 1068 1464 1134 sententiam

290 1167 504 1249 aKoechlyo
535 1164 714 1245 prolatam,
746 1165 804 1229 sed
834 1172 950 1246 postea
983 1166 1173 1252 depositam,
1219 1169 1353 1236 Dixerit
1377 1174 1464 1256 quis-

289 1279 377 1364 piam
418 1269 580 1337 Rohdium
608 1268 667 1332 illa
700 1266 953 1350 incongruentia
984 1271 1082 1336 nimis
1113 1271 1250 1353 offendi3
1284 1294 1358 1340 nam
1390 1277 1465 1342 fieri

289 1398 369 1447 sane
393 1373 550 1460 potuisse,
574 1376 612 1435 ut
635 1368 776 1448 Quintus
801 1392 871 1437 earn
902 1372 1049 1454 videret,
1083 1374 1141 1440 sed
1168 1376 1244 1441 illas
1271 1396 1325 1442 res
1349 1379 1462 1444 vatici·

283 1483 416 1550 natione
441 1477 523 1543 satis
546 1477 710 1539 tractatas
736 1493 810 1540 esse
834 1480 975 1560 putaret.
1023 1476 1138 1561 Neque
1156 1484 1266 1545 tamen
1290 1481 1367 1546 mihi
1390 1501 1463 1568 per-

282 1588 443 1656 suadetur
467 1580 622 1658 Quintum
658 1598 717 1644 sua
753 1582 869 1665 sponte
904 1581 966 1646 hoo
1000 1581 1175 1648 artificium
1206 1585 1390 1663 invenisse,
1425 1587 1459 1652 id

283 1690 370 1778 quod
404 1685 529 1765 Noack,
559 1683 638 1748 θὸτι.
666 1685 724 1766 pei.
754 1684 945 1752 Aoz.1892
982 1705 1010 1769 p.
1045 1688 1109 1753 784
1143 1707 1189 1771 sq.
1219 1689 1299 1756 vult.
1347 1690 1461 1756 Sires

283 1801 428 1870 carmine
451 1795 652 1882 posteriores
676 1794 956 1879 praedicerentur,
980 1795 1124 1862 fortasse
1148 1798 1180 1863 ei
1196 1800 1386 1882 assentirer,
1403 1801 1463 1867 sed

283 1933 356 1982 oum
380 1911 420 1976 de
444 1909 543 1973 rebus
567 1908 695 1988 agatur,
720 1905 860 1989 quaein
885 1907 1028 1972 carmine
1052 1908 1122 1993 ipso
1139 1910 1268 1975 narrari
1285 1914 1462 1995 potuerint,

282 2016 421 2084 Noaokii
445 2012 628 2098 opinionem
652 2029 715 2075 non
749 2011 857 2094 probo.
906 2011 1027 2076 Contra
1061 2014 1172 2097 parvis
1207 2016 1367 2100 poematis
1399 2018 1461 2083 hoc

287 2121 461 2191 artificium
485 2114 688 2201 aptissimum
713 2123 780 2192 est,
805 2113 840 2178 ci.
866 2114 1002 2196 Heinze,
1032 2118 1150 2200 Vtrptls
1174 2120 1290 2202 epirote
1320 2121 1461 2200 Tartari,

288 2227 388 2304 1003,
423 2244 451 2308 p.
484 2221 548 2288 388
574 2218 652 2303 (not.
690 2222 707 2285 1
734 2219 882 2303 exempla
917 2218 1132 2298 afferuntur):
1167 2223 1252 2288 ‘Der
1275 2223 1467 2307 Kunstgriff

282 2355 351 2403 war
368 2334 516 2400 ausserst
528 2331 666 2411 bequem
683 2327 737 2392 fiir
752 2329 804 2393 die
820 2328 1065 2396 hellenistische
1082 2333 1230 2397 Technik
1254 2333 1311 2398 des
1328 2335 1462 2400 kleinen

281 2439 457 2506 Gedichts:
481 2454 531 2501 wo
569 2452 632 2497 nur
666 2432 739 2497 eine
763 2433 906 2515 Episode
942 2434 1033 2498 eines
1058 2436 1192 2517 Mythus
1217 2438 1346 2501 erzahlt
1369 2439 1462 2520 wird,

282 2569 374 2615 muss
397 2549 455 2612 der
472 2546 619 2609 Zuhtrer
643 2542 723 2608 doch
747 2543 909 2624 eriahren,
933 2563 1001 2609 was
1026 2544 1077 2610 die
1101 2545 1229 2628 Folgen
1253 2546 1361 2612 dieser
1383 2549 1461 2632 Epi·

283 2655 366 2720 sodo
402 2651 473 2716 sein
496 2648 645 2714 werden:
682 2647 765 2712 dazu
790 2648 882 2712 dient
918 2649 1001 2714 eben
1025 2648 1078 2714 die
1102 2649 1322 2734 Voraussage,
1345 2653 1461 2718 Vision

281 2757 364 2824 oder
386 2749 682 2839 Proplrezeihung’.
728 2752 774 2816 Et
808 2753 892 2816 hauc
916 2753 955 2818 ob
981 2771 1114 2818 causam
1140 2772 1271 2818 carmen
1296 2775 1316 2820 a
1340 2755 1460 2833 Quinto

285 2861 466 2926 adhibitum
490 2857 594 2922 fuisse
630 2875 766 2942 parvum
790 2856 886 2922 valde
910 2857 1078 2941 probabile
1114 2858 1191 2921 mihi
1215 2857 1347 2925 videtur
1369 2879 1461 2943 prae-

283 2979 379 3040 terea
402 2974 463 3037 hoc
488 2970 654 3055 reputanti
680 2968 844 3046 Quintum,
868 2970 932 3032 nisi
956 2969 1044 3034 aliud
1069 2970 1249 3054 exemplum
1274 2989 1313 3035 ac
1337 2969 1462 3036 iontem

284 3074 588 3160 mythographioum
612 3073 791 3153 habuisset,
816 3073 871 3137 vix
906 3074 989 3137 hanc
1026 3074 1224 3139 narrationis
1247 3074 1458 3140 vivacitatem

283 3185 512 3247 assecuturum
536 3178 638 3242 fuisse
663 3176 707 3261 (v,
731 3177 850 3241 Rohdii
865 3178 1003 3262 primum
1028 3177 1280 3258 argumentum).
1321 3167 1460 3244 Noackii

281 3303 365 3350 vero
389 3285 587 3362 coniectura,
605 3282 660 3365 qui
684 3281 802 3344 statuit
818 3281 976 3346 scholium
999 3281 1125 3362 largius
1150 3280 1308 3364 quoddam
1333 3282 1374 3346 ad
1397 3282 1460 3364 Ly-

281 3389 482 3473 cophronem
506 3387 676 3472 pertinens
700 3383 823 3449 iontem
847 3382 949 3450 fuisse
974 3383 1016 3469 (p.
1042 3386 1106 3452 792
1131 3385 1202 3469 soi,
1235 3385 1323 3451 haud
1359 3385 1458 3450 dubie

282 3510 444 3577 perversa
457 3493 521 3568 θεῖς
539 3508 613 3555 nam
623 3489 679 3552 illa
691 3489 794 3553 Verba
803 3491 832 3571 ‘ss
840 3514 858 3552 0
870 3515 887 3552 4
897 3490 971 3571 iope
980 3492 1019 3552 έν
1029 3516 1046 3572 p
1057 3542 1062 3552 .
1072 3540 1078 3555 .
1090 3491 1291 3571 θεραπεῦσαι,
1309 3491 1458 3572 ἐκωλύθη

281 3599 319 3660 ἐκ
344 3604 398 3660 τοῦ
422 3592 547 3678 πατρός’
573 3593 687 3676 (schol.
704 3612 752 3658 vs.
776 3593 842 3670 60),
858 3594 974 3676 quibus
991 3593 1104 3657 Noack
1127 3593 1252 3673 nititur,
1269 3592 1461 3673 discrepant

288 3720 307 3766 a
332 3701 522 3765 narratione
539 3695 667 3776 Quinti3
691 3697 720 3760 is
745 3697 829 3761 enim
852 3698 1024 3777 perspicue
1048 3698 1109 3762 har.
1131 3697 1163 3760 in
1189 3714 1224 3762 re
1242 3696 1387 3776 sequitur
1403 3696 1461 3762 ali-

281 3824 336 3871 am
361 3803 492 3871 iabulae
516 3801 667 3868 formam:
693 3800 827 3865 Oenone
850 3820 913 3865 non
938 3803 1075 3882 epatre
1100 3801 1199 3880 iussa,
1223 3799 1281 3864 sed
1304 3826 1458 3884 μνησικα-

289 3917 391 3973 κοῦσα
415 3905 470 3992 (ci.
487 3907 633 3987 Apollod.
651 3905 702 3968 lll
727 3905 805 3986 155)
828 3905 981 3969 Paridem
1005 3903 1102 3970 reicit
1126 3906 1184 3984 (vs.
1210 3904 1392 3989 308-27);
1416 3903 1462 3973 ci.

283 4024 463 4093 praeterea
486 4011 596 4076 Parth.
621 4009 671 4074 JV
696 4011 732 4076 6:
758 4013 775 4093 ἡ
801 4011 835 4073 δὲ
860 4011 1094 4092 αὐθαδέστεροι·
1117 4011 1314 4090 ἀπεκρίνατο,
1332 4011 1377 4079 ὡς
1393 4010 1455 4092 χρὴ

281 4114 358 4199 ,παρ’
379 4116 505 4198 Ἑλένην
529 4118 604 4178 ἰέναι
629 4116 774 4196 κάκείνης
798 4115 938 4187 δεῖσθαι,
967 4113 1059 4178 cuius
1092 4111 1156 4177 loci
1188 4111 1345 4177 simillimi
1381 4117 1461 4176 sunt

285 4239 404 4284 versus
422 4218 535 4297 Quinti
558 4218 624 4283 324
649 4228 683 4282 ei
702 4217 783 4285 327:
809 4222 851 4288 εἷς
872 4219 1009 4300 Ἑλένην
1033 4219 1175 4299 ἀφίκανε,
1192 4266 1199 4282 .
1217 4265 1248 4281 ..
1271 4217 1349 4286 edd
1371 4217 1408 4278 κε’
1432 4209 1462 4279 σ’

282 4326 405 4406 diram.
451 4323 520 4388 Nec
544 4326 623 4402 puto
648 4318 803 4397 Quintum
827 4339 873 4388 vs
899 4321 964 4388 435
988 4321 1023 4385 et
1045 4321 1110 4384 438
1140 4320 1181 4384 ad
1197 4317 1279 4382 illud
1302 4317 1461 4383 scholium

281 4430 471 4514 spectassej
497 4445 571 4492 nam
588 4425 721 4492 Oenone
746 4443 813 4492 non·
833 4426 935 4492 solum
958 4427 1095 4508 patrem,
1120 4423 1178 4489 sed
1201 4422 1301 4489 etiam
1317 4421 1467 4504 ἀμφιπό-
