3306 5076
789 372 967 455 -as-

475 548 508 634 3)
532 547 590 614 De
623 547 969 617 Pseudo-Moschi
1002 552 1194 620 carmine
1229 551 1289 618 IV.

399 706 471 772 Hoc
496 725 628 772 carmen
652 727 673 772 a
695 712 795 789 poeta
818 707 945 774 incerto
972 707 1095 775 aetatis
1110 709 1352 780 Alexandrinae
1369 715 1471 799 scrip-

291 817 361 878 tum
386 825 461 879 ess'e
484 812 616 879 videtur
639 812 693 897 (11.
716 813 815 880 Prinz
839 813 859 879 1.
882 813 903 878 l.
926 833 955 899 p.
980 813 1045 884 103
1068 813 1138 901 11).
1190 817 1283 884 Inest
1298 819 1332 883 in
1348 821 1469 904 epyllio

292 918 450 1000 quoddam
473 917 684 986 obscuritatis
708 918 852 986 studium
886 917 931 1004 (v.
945 917 965 984 1.
979 919 1000 986 1.
1017 938 1048 1006 p.
1074 921 1140 990 104
1163 926 1229 1005 sq),
1258 925 1345 991 unde
1368 926 1469 994 Prinz

292 1029 336 1113 (p.
362 1025 500 1108 11111.
526 1026 769 1114 7311111111
795 1026 958 1092 conclusit
991 1027 1136 1095 ‘initium
1171 1031 1322 1096 carminis
1357 1031 1396 1098 de
1421 1034 1469 1100 in·

291 1132 422 1199 dustria
444 1133 494 1200 ita
517 1151 591 1200 esse
616 1133 838 1220 compositum,
865 1137 903 1198 ut
929 1132 1081 1217 legentes
1104 1135 1217 1220 primis
1240 1137 1391 1204 versibus
1415 1159 1468 1207 co·

291 1244 451 1323 gerentur
473 1240 631 1323 conicere,
655 1241 726 1320 quis
750 1239 792 1306 ad
815 1258 910 1320 quom
933 1239 1129 1323 loqueretur,
1153 1243 1268 1326 aperte
1292 1249 1401 1311 autem
1425 1247 1467 1314 de

292 1365 333 1412 ea
352 1363 390 1410 re
414 1346 626 1426 sequentihus
650 1346 777 1411 demum
801 1346 953 1413 versibus
981 1344 1199 1412 edocerentur
1208 1347 1225 1414 ¹.
1281 1349 1370 1434 Ergo
1401 1371 1466 1420 non

287 1456 349 1533 est,
373 1450 456 1531 quod
480 1450 519 1516 de
544 1453 698 1517 carminis
721 1451 915 1536 integritate
940 1449 1154 1533 dubitaveris,
1177 1455 1240 1520 etsi
1263 1461 1361 1540 poeta
1376 1459 1469 1528 nulla

287 1577 324 1624 re
348 1558 530 1644 praemissa
553 1560 667 1626 statim
690 1559 849 1640 Megarae
873 1557 976 1625 verba
999 1557 1151 1642 perhibet
1174 1559 1234 1644 (11.
1260 1560 1301 1647 1).

535 1718 574 1805 4)
597 1718 653 1784 De
688 1715 892 1782 Theocriti
927 1715 1102 1782 carmine
1133 1718 1198 1784 ΧΙ.

392 1842 464 1909 Hoc
487 1860 611 1922 quoque
646 1859 777 1907 carmen
811 1840 939 1927 epylliis
975 1841 1192 1922 ascripserim.
1255 1843 1464 1915 Abucolicis

285 1951 372 2017 enim
397 1950 604 2031 carminibus,
627 1950 660 2014 in
684 1968 745 2029 quo
769 1967 903 2014 numero
926 1950 1041 2015 haberi
1066 1949 1158 2031 solet,
1192 1967 1324 2016 carmen
1345 1969 1384 2017 eo
1419 1953 1465 2018 di-

285 2062 363 2138 stat,
376 2055 459 2137 quod
472 2056 507 2120 in
522 2057 587 2123 illis
604 2058 768 2123 tractatur
782 2055 854 2122 vita
869 2059 1037 2141 pastorum
1053 2074 1117 2122 non
1132 2055 1243 2138 mytho
1269 2057 1463 2124 traditorum

285 2162 345 2228 sed
377 2163 483 2248 poetis
517 2163 609 2242 quasi
645 2162 838 2244 aequalium,
871 2161 926 2227 hic
961 2161 1002 2227 de
1026 2164 1119 2228 certa
1141 2180 1283 2242 persona
1306 2166 1463 2245 temporis

285 2268 410 2335 heroici
435 2265 589 2334 refertur.
647 2266 740 2346 Quod
764 2269 940 2334 discrimen
963 2269 1052 2334 clare
1076 2269 1274 2350 perspicitur
1297 2289 1462 2351 compara-

283 2375 330 2441 tis
354 2375 444 2440 inter
479 2393 515 2440 sc
539 2374 706 2440 Theocriti
740 2393 765 2438 c.
789 2375 837 2438 VI
860 2378 895 2440 et
918 2375 984 2438 XI:
1020 2375 1087 2439 illic
1111 2374 1172 2440 duo
1195 2380 1346 2455 pastores
1370 2378 1464 2458 quasi

284 2499 421 2563 parvam
445 2478 590 2546 fabulam
614 2483 726 2563 agunt,
750 2499 812 2560 qua
828 2481 1054 2565 Polyphemus,
1079 2481 1171 2546 cuius
1188 2501 1360 2566 personam
1376 2485 1465 2549 alter·

285 2606 328 2652 ex
351 2589 400 2652 eis
422 2588 520 2671 gerit,
546 2587 686 2652 ludibrio
709 2586 865 2651 habetur:
889 2587 940 2652 hic
962 2589 1117 2652 narratur
1131 2588 1258 2672 priscus
1273 2589 1463 2675 Polyphemi

284 2711 368 2776 arga
391 2692 566 2759 Galateam
590 2711 689 2759 amor.
737 2693 849 2772 Neque
872 2692 946 2759 ideo
969 2711 1101 2759 carmen
1123 2693 1173 2758 Xl
1197 2693 1339 2779 epyllion
1362 2697 1463 2761 nomi·

285 2820 366 2867 nare
400 2801 620 2886 prohibemur,
654 2798 736 2879 quod
772 2802 806 2864 et
838 2799 959 2865 multae
994 2817 1049 2865 res
1076 2800 1245 2865 bucolicae
1268 2801 1382 2866 insunt
1404 2800 1462 2888 (11.

283 2926 310 2974 1.
334 2906 445 2991 XXV)
463 2909 497 2972 et
513 2908 602 2971 totus
620 2908 738 2970 cantus
756 2905 930 2971 exhibetur
946 2903 1002 2990 (11.
1021 2904 1142 2970 Catulli
1158 2926 1183 2972 c.
1200 2907 1252 2990 64,
1269 2907 1460 2994 aaa-381)

283 3019 320 3079 ct
353 3012 544 3098 Polyphemi
574 3013 677 3079 verba
714 3011 872 3076 ambitum
906 3012 1107 3077 narrationis
1139 3018 1257 3098 poetae
1290 3013 1386 3096 longe
1409 3033 1461 3081 su-

284 3122 405 3206 perant
440 3115 496 3203 (cf.
520 3118 646 3183 Moschi
670 3136 697 3182 c.
725 3117 795 3202 IV).
831 3155 873 3167 -
908 3119 937 3182 A
971 3119 1090 3186 iuvene
1121 3119 1294 3186 Theocrito
1329 3139 1460 3187 carmen

284 3224 498 3310 compositum
522 3242 596 3290 1111
620 3224 891 3292 verisimillimum
908 3234 960 3290 est
977 3223 1026 3310 (11
1047 3223 1257 3307 Helland,De
1271 3227 1462 3314 Polyphemo

282 3345 312 3397 et
352 3330 492 3412 Galatea,
530 3332 637 3417 Leipa.
670 3330 804 3395 Studien
838 3330 902 3395 Vll
937 3351 966 3416 p.
992 3331 1056 3399 231
1082 3349 1136 3412 sq,
1160 3337 1194 3396 et
1217 3330 1323 3413 Helm,
1352 3334 1462 3399 Herm.

283 3437 404 3503 XXIX
426 3457 455 3523 p.
481 3438 544 3505 161
582 3437 651 3521 sq),
687 3437 745 3502 sed
781 3437 968 3504 accuratius
1003 3439 1131 3523 tempus
1167 3437 1295 3504 definiri
1329 3439 1460 3519 nequit;

284 3561 389 3624 neque
413 3561 473 3628 pro
499 3545 590 3608 certo
614 3542 719 3609 habeo
743 3561 874 3608 carmen
898 3544 932 3609 in
955 3543 1068 3610 Sicilia
1092 3545 1199 3610 ortum
1223 3562 1297 3612 esse
1321 3543 1374 3629 (11.
1396 3545 1462 3612 Le-

282 3649 390 3732 grand
414 3650 434 3714 l.
458 3649 477 3714 1.
501 3669 531 3735 p.
557 3647 623 3735 50).

597 3808 631 3894 5)
655 3808 711 3875 De
741 3809 971 3877 Theocriti
995 3828 1022 3876 c.
1046 3807 1144 3874 XIll

282 3938 349 4004 iam
373 3936 516 4004 disserui
538 3955 567 4021 p.
593 3933 748 4001 19-21.

281 4165 378 4220 verim.
414 4167 508 4233 Neque
520 4163 591 4218 enirn
604 4161 752 4219 verisimile
766 4161 833 4215 mihi
846 4161 954 4216 videtur
966 4165 1083 4230 poetam,
1097 4169 1241 4229 postquam
1253 4160 1393 4230 proprium
1406 4157 1463 4212 sibi

280 4254 390 4308 creavit
408 4253 544 4307 scribendi
562 4254 680 4318 modum,
701 4251 791 4306 subito
810 4250 933 4319 linguam
952 4256 980 4306 et
998 4267 1056 4306 rem
1073 4249 1214 4304 metricam
1226 4248 1339 4305 Homeri
1350 4248 1391 4304 ita
1402 4244 1452 4302 imi

281 4341 348 4408 rari,
368 4347 400 4397 ut
416 4347 498 4410 poeta
516 4341 598 4397 huius
618 4338 746 4396 carminis
765 4339 838 4393 fecit.
