3306 5076
658 487 660 492 .
753 445 932 512 ,46-

260 628 437 693 enarratur
473 625 565 708 origo
593 625 751 709 Θησηίὸος
780 619 826 705 (fr
858 623 934 704 311,
957 617 997 686 ci.
1021 620 1105 685 Plut.
1130 619 1227 687 Thes.
1249 621 1296 702 V;
1322 622 1456 689 Naelre*

262 730 280 795 l.
297 729 317 794 l.
334 750 363 812 p.
390 728 538 810 159).,--
557 728 705 808 Denique
725 725 911 792 clarissime
929 725 1039 791 elucet
1055 723 1203 790 doctrina
1220 743 1260 790 cx
1284 745 1331 811 eo,
1356 726 1442 808 quod

258 845 379 915 poetae
405 832 498 914 quasi
520 830 729 915 grammatIci
752 828 917 896 interdum
941 827 981 894 de
1007 827 1147 895 diversis
1183 825 1305 895 fabulis
1342 830 1437 897 dis-

258 940 435 1019 putant
458 934 513 1018 (cf.
539 935 653 1001 Rohde
676 934 695 999 l.
720 934 739 999 l.
764 953 795 1015 p.
820 932 863 1001 97
887 951 916 996 n.
942 931 986 1017 3),
1009 941 1046 998 ut
1069 931 1236 1013 Euphorio
1271 933 1307 998 in
1330 931 1369 1000 fr.
1394 935 1456 1003 36u

260 1039 319 1126 (cf.
341 1060 372 1122 p.
402 1041 481 1124 32);
518 1038 558 1104 cI.
583 1039 683 1106 etiam
707 1038 838 1120 longam
862 1035 1119 1117 disputationem
1144 1036 1237 1118 Ciris,
1259 1037 1440 1120 praecipue

263 1163 312 1211 us.
348 1145 492 1211 54—91.
539 1143 612 1208 Non
647 1141 687 1207 de
711 1139 824 1208 fabula
835 1138 849 1221 ,’
877 1138 935 1207 sed
959 1139 999 1205 de
1024 1139 1090 1206 alia
1113 1158 1151 1205 re
1175 1141 1382 1222 disceptatur
1404 1142 1450 1208 in*

262 1248 342 1315 Call.
367 1248 470 1335 (Hac.)
495 1245 534 1313 fr.
558 1247 612 1311 48·

369 1423 463 1502 Quod
480 1424 523 1490 ad
547 1422 837 1490 electionem
861 1421 1281 1504 fabularumattinet‚
1306 1423 1458 1503 scripto--

263 1546 318 1592 res
343 1529 535 1610 epylliornm
559 1531 617 1594 aut
649 1527 683 1592 in
707 1524 829 1592 fabulis
864 1525 951 1590 notis
988 1526 1182 1592 enarrandis
1206 1526 1453 1606 acquieverunt.

262 1631 375 1696 autin
401 1633 450 1698 eis
476 1630 700 1698 retractandis
724 1647 827 1695 novas
845 1626 965 1695 formas
982 1629 1155 1711 elegerunt
1178 1633 1236 1694 aut
1251 1629 1448 1697 reconditas

263 1733 392 1800 tabulas
416 1735 670 1818 Indagaverunt.
716 1734 838 1797 'lamen
862 1735 997 1813 praeter
1011 1732 1136 1798 leviora
1158 1733 1313 1799 nonnulla
1331 1753 1444 1800 narra-

261 1838 362 1904 tionis
382 1858 484 1904 causa
519 1841 646 1904 mutata
680 1836 826 1918 plerique
851 1835 1042 1901 Callimachi
1066 1837 1237 1919 rationem,
1261 1838 1314 1917 qui
1337 1841 1443 1921 ἀμάρ-

263 1968 359 2025 τυρον
383 1945 474 2008 obdia
499 1944 657 2008 cantabat
680 1939 734 2027 (cf.
759 1939 873 2005 Rohde
897 1939 916 2004 l.
945 1940 966 2007 l.
994 1959 1023 2020 p.
1048 1941 1144 2008 9711.
1169 1942 1213 2023 2),
1236 1943 1343 2006 secuti
1367 1960 1444 2006 esse

263 2046 431 2113 videntur.
478 2046 678 2128 Quamquam
712 2048 872 2126 quatenus
905 2044 997 2109 illam
1031 2044 1194 2110 rationem
1231 2045 1450 2124 obtinuerint

264 2153 356 2214 certo
382 2152 541 2232 cognosci
575 2169 639 2215 nou
663 2151 794 2230 potest;
829 2167 914 2230 nam,
949 2147 1013 2212 etsi
1045 2148 1079 2213 in
1104 2149 1305 2214 carminibus
1330 2168 1455 2215 eorum*

264 2253 396 2336 singula
427 2255 521 2320 nohis
546 2253 676 2318 aliunde
699 2272 763 2317 non
787 2255 866 2316 nota
889 2252 1082 2332 invenimuS,
1115 2253 1305 2333 plerumque
1329 2242 1439 2318 minen

264 2357 409 2424 discerni
432 2358 556 2438 nequit,
589 2360 698 2421 utrum
722 2359 840 2437 poetae
873 2373 912 2419 ea
927 2355 1038 2420 nescio
1062 2356 1147 2420 undo
1163 2357 1443 2438 investigaverint

265 2480 307 2525 an
330 2461 394 2542 ipsi
419 2461 690 2544 excogItaverint.
738 2460 802 2524 Suo
827 2457 971 2524 fortasse
988 2460 1097 2525 Marte
1122 2461 1317 2525 Theocritus
1343 2459 1441 2539 (XIII

270 2565 418 2650 73-75)
443 2565 620 2630 Herculem
643 2566 830 2647 λιποναύτην
853 2563 990 2643 pedibus
1014 2564 1047 2627 in
1073 2563 1255 2630 Colchidem
1268 2564 1443 2629 vehentem

265 2666 349 2732 fecit
374 2667 428 2751 (ci.
452 2669 551 2751 Legr.
575 2668 595 2733 l.
613 2669 632 2733 l.
649 2688 679 2748 p.
699 2669 755 2742 90)
780 2672 815 2733 et
837 2668 967 2734 nomina
982 2686 1214 2748 numerumque
1231 2669 1443 2750 nympharum

264 2771 384 2854 Hylam
409 2772 607 2853 rapientium
632 2771 732 2856 (XIII
747 2772 805 2857 45)
821 2772 949 2838 invenlt
965 2770 1018 2851 (of.
1036 2772 1182 2852 Knaack,
1199 2773 1306 2836 Herm.
1323 2766 1447 2834 XXIII

267 2896 297 2958 p.
324 2876 397 2956 137,
422 2879 456 2940 et
479 2877 591 2942 Tuerk
614 2877 633 2940 l.
651 2877 671 2943 l.
687 2896 717 2957 p.
747 2877 813 2956 ab.
857 2877 969 2956 Neque
994 2875 1185 2940 Incredibile
1209 2878 1262 2940 est
1286 2893 1359 2940 eum
1382 2891 1443 2940 sua

269 2982 385 3061 sponte
410 2979 521 3045 decem
544 2980 702 3044 mensium
727 2998 863 3060 puerum
889 2979 1018 3060 (XXIV
1055 2983 1085 3056 1)
1109 2997 1178 3044 rem
1202 2981 1375 3060 gerentem
1398 2975 1445 3041 Ie·

266 3087 352 3148 cisse
390 3082 443 3166 (cf.
467 3084 563 3165 Legr.
588 3083 608 3147 I.
631 3083 651 3148 I.
674 3103 704 3164 p.
729 3084 794 3151 100
830 3088 864 3148 et
900 3083 988 3168 188).
1033 3083 1159 3149 Maiore
1194 3083 1331 3147 ltcentia
1363 3099 1445 3148 usus

266 3188 379 3253 Nicias
402 3187 635 3270 Polyphemum
652 3206 672 3251 a
688 3186 829 3251 Galatea
845 3190 989 3252 amatum
1005 3187 1108 3268 finxit,
1123 3187 1151 3254 si
1168 3186 1261 3252 modo
1277 3185 1445 3252 Hollandii

268 3293 376 3374 opinio
409 3309 504 3372 quam
527 3311 557 3371 p.
582 3293 622 3358 31
650 3290 756 3372 attuli,
780 3295 874 3356 recta
898 3293 959 3358 eat.

625 3467 1076 3532 IIDeinventione.

374 3585 510 3651 Fabulis
534 3586 582 3651 ita
605 3588 745 3651 utuntur
767 3589 885 3666 poetae
910 3586 1110 3667 epylliorum,
1133 3589 1171 3649 ut
1195 3603 1269 3650 res
1301 3585 1445 3648 huma-

268 3708 347 3755 nas
371 3693 527 3770 tractent,
551 3689 668 3769 quibus
693 3690 820 3754 omnino
845 3689 1009 3770 artifices,
1034 3699 1069 3754 et
1092 3693 1209 3770 poetae
1241 3690 1275 3752 et
1297 3687 1444 3767 pictores

267 3795 471 3875 fictoresque,
496 3803 573 3858 tunc
597 3791 1013 3879 maximcldelcctabantun
1038 3812 1096 3858 seu
1119 3793 1223 3860 vitam
1245 3791 1448 3856 familiarem

268 3900 487 3980 agrestemve‚
510 3914 570 3962 seu
593 3895 737 3962 affectus
761 3896 924 3962 hominum
941 3897 1132 3979 depingunt.
1179 3894 1248 3974 Quo
1272 3895 1317 3977 fit,
1340 3896 1378 3959 ut
1400 3896 1443 3959 ab

267 4002 333 4067 illis
357 4001 464 4082 poetis
487 4019 541 4067 res
566 4000 656 4079 quasi
681 4019 699 4064 e
722 4001 842 4081 priscis
865 4001 1066 4082 temporibus
1090 4001 1123 4064 in
1139 4000 1282 4080 ipsorum
1299 4001 1442 4064 aetatem

267 4104 521 4169 transferantur.
566 4102 712 4169 Fabulae
736 4107 847 4170 autem
871 4107 947 4169 sunt
972 4106 1011 4170 de
1036 4104 1105 4168 deis
1129 4105 1355 4183 heroibusque,
1379 4121 1443 4168 non

269 4209 306 4273 dc
333 4209 515 4274 horninibus
539 4208 660 4272 aetatis
683 4208 935 4275 Alexandrinae.
972 4208 1149 4273 Videamus
1173 4226 1266 4288 nunc,
1290 4206 1456 4288 quomodo

267 4314 351 4379 haec
376 4311 607 4393 discrepantia
643 4330 724 4391 quae
760 4315 812 4378 est
844 4313 932 4376 inter
961 4313 1131 4377 materiem
1155 4310 1277 4377 fabulis
1302 4310 1443 4376 oblatam

269 4420 304 4480 et
332 4415 443 4482 studia
466 4419 645 4496 poetarum,
671 4418 891 4498 componatur.
925 4453 966 4465 -
1001 4415 1163 4482 Studio
1199 4415 1452 4482 veritatis
