3306 5076
683 1132 883 1214 Caputl

367 1274 421 1340 lle
444 1277 639 1359 poetarum
663 1273 999 1343 Alexandrinorum
1024 1275 1187 1344 discidio.

299 1451 338 1516 In
360 1451 477 1516 tabula
501 1452 689 1518 Callimachi
714 1470 856 1533 operum,
880 1471 971 1532 quam
998 1455 1132 1521 exhibet
1148 1455 1284 1522 lexicon
1302 1455 1373 1522 Sui-x

188 1556 264 1637 dae,
288 1558 445 1634 leguntur
460 1559 555 1623 haec:
574 1559 626 1642 Ἶβ
633 1579 671 1629 ις·
685 1561 746 1622 ἔστι
759 1559 793 1622 δὲ
804 1560 926 1641 ποίημα
942 1560 1214 1644 ἐπιτετηδευμένον
1228 1564 1271 1632 εἰς
1293 1563 1373 1626 ἀσά·

188 1687 282 1746 marat*
305 1665 358 1726 καὶ
380 1665 539 1745 λοιδορίαν
563 1668 605 1734 εἴς
627 1689 692 1728 τινα
711 1663 786 1746 Ἶβιν
803 1665 971 1746 γινόμενον
994 1665 1112 1747 ἐχθρὸν
1136 1673 1191 1729 τοῦ
1212 1666 1370 1749 Καλλιμά-

188 1791 258 1849 χου.
298 1767 336 1849 ἦν
360 1768 394 1830 δὲ
418 1767 509 1839 οὗτος
528 1770 736 1839 Ἀπολλώνιος
759 1771 777 1832 ὁ
802 1770 928 1850 γράψας
949 1768 986 1830 τὰ
1006 1770 1238 1850 Ἁργονοοιιιιά.
1278 1770 1373 1835 Haec

194 1871 296 1936 verba
320 1872 352 1934 in
377 1871 525 1953 margine
549 1872 705 1937 adnotata
727 1873 903 1952 irrepsisse
935 1871 968 1934 iu
993 1876 1118 1936 textum
1141 1889 1246 1952 neque
1270 1873 1367 1939 ullam

189 1975 312 2040 habero
336 1975 431 2040 fidem
456 1976 630 2043 ostendere
659 1977 787 2042 studuit
810 1977 961 2040 ‹lurenka
977 1977 1014 2058 ¹),
1046 1976 1104 2040 sed
1128 1975 1293 2042 refutatus
1318 1983 1371 2044 est

187 2099 210 2146 a
232 2081 513 2164 Knaackiofflerl.
537 2085 612 2167 poll.
636 2083 842 2146 Wocdeoacbr.
869 2079 964 2158 1886,
988 2079 1052 2144 876
1077 2099 1138 2160 sq.;
1162 2085 1201 2146 cf.
1218 2083 1368 2168 Ehwald,

187 2185 284 2250 Baro.
306 2187 358 2249 Jb.
389 2186 535 2253 188511.
559 2206 588 2266 p.
614 2187 701 2270 149).
748 2185 861 2264 Neque
891 2184 1046 2248 maiorem
1070 2185 1136 2250 vim
1170 2186 1293 2251 habent
1317 2205 1367 2266 ea,

193 2307 275 2368 quae
301 2289 395 2368 Spiro
411 2291 436 2372 2)
462 2291 606 2371 protulit,
630 2294 666 2354 ut
689 2289 931 2354 demonstraret
957 2293 1058 2352 totam
1076 2288 1267 2356 Callimachi
1291 2311 1364 2373 ope-

193 2410 265 2456 rum
288 2394 433 2458 tabulam
451 2395 633 2460 'Suidanam
667 2394 731 2458 fido
756 2412 885 2470 carere3
910 2394 1124 2472 nequeenim
1148 2395 1280 2460 dubium
1305 2403 1365 2478 est,

187 2499 263 2577 quin
288 2501 321 2564 hi
338 2500 459 2565 Suidae
482 2501 607 2566 indices
625 2520 665 2564 ex
681 2501 953 2566 bibliothecarum
970 2498 1129 2580 catalogis
1145 2500 1243 2579 petiti
1262 2503 1364 2569 bonae

185 2606 397 2671 auctoritatis
421 2607 488 2670 sint
512 2606 564 2691 (cf.
581 2606 796 2670 Wachsmuth
818 2603 852 2668 in
869 2603 973 2688 Spmb.
993 2605 1105 2688 philol.
1123 2605 1226 2668 Bona.
1243 2625 1273 2686 p.
1292 2609 1366 2688 148,

197 2707 302 2790 Daub‚
326 2711 376 2774 Jb.
393 2713 517 2796 j.Pbil.
534 2711 644 2796 Soppl.
668 2711 718 2774 Xl
741 2732 770 2795 p.
794 2709 883 2794 465).
915 2710 1094 2777 Praeterea
1117 2707 1238 2775 Suidae
1262 2715 1365 2778 verba

191 2814 404 2895 comprobata
438 2823 514 2880 sunt
551 2817 786 2897 epigrammate
818 2813 979 2877 Beruensi
1015 2813 1124 2894 (saecl.
1159 2815 1311 2903 Vl-X)
1344 2839 1365 2884 a

185 2917 435 2985 Reitzensteino
460 2923 581 3004 (Hei-m.
606 2921 721 2986 XXVI
744 2941 775 3000 p.
809 2920 874 2987 308
899 2919 982 3002 sqq.)
1006 2919 1129 2998 publici
1157 2920 1238 2985 iuris
1264 2920 1365 3006 facto,

188 3025 272 3105 quod
301 3024 434 3090 editioni
467 3027 593 3092 cuidam
628 3046 762 3108 operum
794 3026 983 3090 Callimachi
1016 3026 1106 3104 quasi
1137 3036 1366 3108 argumentum

184 3130 364 3210 praefixum
388 3130 491 3197 fuisse
516 3140 770 3198 consentaneum
794 3135 853 3196 est.
901 3131 1000 3196 Cuius
1025 3151 1138 3198 versus
1170 3133 1189 3196 8
1216 3142 1269 3199 est
1293 3135 1366 3203 hic:

186 3239 326 3302 ονιώπτο)
351 3238 430 3321 (cod.
457 3238 599 3323 σκάπτω)
625 3236 651 3302 δ’
676 3235 722 3301 ἐπ’
746 3239 836 3320 ἀραῖς
853 3237 929 3320 Ἶβιν
949 3239 1158 3302 Ἀπολλώνιον
1170 3238 1203 3321 8).

289 3342 389 3406 Plura
413 3342 451 3407 de
469 3343 605 3407 discidio
624 3362 856 3425 cognoscemus
874 3361 945 3406 cum
963 3344 1013 3406 his
1029 3344 1227 3408 testimoniis
1245 3345 1367 3411 collato

184 3447 363 3530 epilogo
395 3449 541 3530 hymni
574 3450 607 3513 ll
631 3450 832 3515 Callimachi.
879 3449 963 3513 Sunt
996 3451 1049 3530 qui
1082 3450 1168 3514 hunc
1199 3450 1363 3533 epilogum

278 3659 300 3726 ¹)
323 3658 486 3720 Quaestioaea
515 3661 621 3712 criticae
648 3659 679 3710 I:
708 3660 738 3710 de
769 3659 926 3712 Callimacho
954 3659 1087 3730 Apollonii
1119 3659 1216 3712 Rhodii
1253 3662 1364 3728 inimica,

178 3739 274 3810 Propo.
301 3742 544 3794 ll'iener-Neoatadt
584 3743 660 3803 1985,
680 3761 706 3810 p.
727 3746 743 3796 8
761 3759 817 3808 sqq.

277 3811 297 3878 ³)
317 3812 471 3864 Rendicoati
488 3815 556 3865 della
576 3815 646 3867 reale
666 3814 814 3867 accademia
840 3815 881 3866 dei
902 3813 999 3881 Lincei,
1018 3813 1074 3866 Ser.
1100 3813 1188 3881 V‚aol.
1210 3815 1242 3876 ΙΙ,
1263 3831 1289 3880 p.
1309 3814 1372 3870 337'

182 3910 242 3963 sqq.
263 3894 302 3962 (v.
324 3897 468 3960 praecipue
487 3913 514 3961 p.
533 3897 585 3949 343
606 3897 685 3964 sqq).

273 3976 292 4038 ³)
314 3976 373 4028 lbin
393 3991 454 4030 esse
475 3978 645 4044 Apollonium
672 3979 803 4031 Rhodium
822 3978 897 4032 haud
923 3979 1000 4033 dubie
1020 3981 1163 4044 legebatur
1181 3981 1210 4032 in
1229 3994 1363 4032 common-

179 4057 383 4125 tarioqnodam,
404 4075 455 4127 qno
475 4075 581 4111 carmen
601 4061 792 4123 explicationis
813 4061 893 4112 valde
908 4063 1032 4124 indigens
1052 4061 1098 4114 diu
1118 4077 1211 4113 carere
1231 4077 1282 4112 uon
1303 4066 1364 4127 pot-

183 4145 253 4205 erat,
281 4154 308 4192 et
328 4159 379 4207 qno
400 4145 453 4195 iam
473 4147 537 4206 tam,
560 4159 615 4195 cum
637 4143 668 4195 da
688 4144 729 4195 bis
750 4149 831 4197 rebus
850 4150 926 4196 certa
946 4145 1009 4196 sciri
1042 4150 1176 4209 poterant,
1205 4145 1373 4197 instructum.

179 4237 248 4278 ease
270 4224 487 4277 verisimillimum
508 4232 558 4280 esi.
597 4227 636 4280 Cl.
659 4225 831 4292 Gutsohmid,
851 4225 894 4277 Kl.
914 4225 988 4278 Scir.
1009 4225 1021 4278 l
1041 4245 1067 4294 p.
1086 4227 1103 4283 7
1124 4245 1148 4281 u.
1168 4228 1193 4282 2.
