3306 5076
752 391 932 457 ..43-

257 571 467 652 marinorum,
505 575 543 636 ut
577 570 705 652 Glauci,
730 569 900 651 Galateam
925 571 959 633 et
982 569 1204 654 mympharum
1240 567 1295 653 (ci.
1322 569 1449 637 Rohde·

256 677 275 742 l.
300 676 319 742 l.
343 695 373 760 p.
400 677 462 744 109
487 695 516 740 n.
545 675 575 757 l)
611 674 697 740 haud
733 692 808 738 raro
843 673 981 738 tractati
1013 691 1087 738 esse
1111 671 1275 739 videntur.
1321 673 1437 740 Poten-

255 779 378 846 tissimi
402 783 511 844 autem
535 778 667 844 deorum
691 780 768 843 suut
793 777 914 858 Venus
938 781 957 860 ἢ
981 778 1085 860 μούνη
1122 777 1249 841 δύναται
1272 779 1325 840 καὶ
1349 779 1449 861 Ζῆνα·

258 886 426 966 δαμάσσω,
451 885 485 948 et
508 883 615 964 Amor,
651 899 787 966 quorum
821 879 957 962 negotia
990 899 1054 960 uon
1079 878 1181 944 solum
1204 879 1352 946 breviter
1374 899 1441 947 me·
1553 927 1555 930 -

257 993 427 1070 morantur
452 987 514 1073 (Th
547 987 599 1051 XI
634 988 685 1068 16,
709 985 795 1050 XlIl
831 987 882 1066 71,
906 986 947 1050 Μ.
984 985 1018 1049 II
1043 988 1060 1051 1
1087 987 1121 1050 et
1146 987 1187 1053 75
1212 1005 1278 1070 sq.;
1303 985 1342 1052 cf.
1367 987 1437 1052 oar.

260 1091 312 1171 64,
329 1093 372 1159 95
390 1111 447 1176 sq,
465 1091 529 1157 Cir.
547 1091 611 1159 133
629 1109 696 1175 sqq.
716 1089 779 1158 158
797 1088 890 1176 sqq),
907 1089 965 1154 sed
981 1090 1147 1154 interdum
1164 1088 1271 1171 etiam,
1288 1089 1443 1156 similiter

259 1201 358 1278 atque
382 1195 416 1259 in
440 1194 514 1259 aliis
539 1194 736 1260 carminibus
761 1192 929 1258 amatoriis
952 1189 1010 1264 (cl.
1035 1191 1147 1258 Rohde
1165 1194 1185 1257 l.
1204 1193 1225 1258 l.
1238 1213 1259 1274 p
1284 1194 1386 1262 14911.
1402 1194 1441 1277 4)

260 1299 447 1366 accuratius
473 1298 623 1379 exposita
641 1316 715 1362 esse
732 1297 892 1363 videntur.
910 1335 954 1344 -
980 1296 1288 1377 consimilemque
1312 1297 1365 1363 dei
1387 1318 1443 1378 pa-

259 1403 387 1468 tiuntur
410 1403 585 1468 heroes:
622 1401 705 1466 fiunt
739 1401 872 1467 scilicet
905 1395 1054 1466 homiues
1099 1401 1289 1467 mediocres.
1347 1399 1442 1487 Quid,

260 1506 345 1591 quod
360 1507 573 1589 Argonautae
590 1505 769 1572 Herculem
793 1504 931 1569 illudere
956 1504 1077 1569 audent
1093 1505 1161 1587 (Th.
1178 1504 1263 1569 XIII
1289 1505 1330 1569 73
1354 1505 1452 1590 sq.)?'

258 1611 373 1693 Neque
407 1613 548 1692 augetur
564 1613 566 1619 ’
582 1609 755 1675 admiratio
792 1610 929 1674 heroum
965 1609 1155 1674 narrat-ioue
1179 1609 1442 1690 perturbationis-

260 1714 348 1779 illius
372 1717 553 1778 nocturnae
579 1713 708 1799 (XXIV
732 1713 776 1777 34
800 1712 892 1797 sqq).
938 1714 986 1777 Ac
1009 1731 1050 1777 ue
1074 1713 1108 1776 iu
1132 1733 1157 1776 c.
1183 1712 1281 1776 XXV
1310 1714 1441 1797 quidem

259 1817 430 1899 Hercules,
454 1818 603 1899 quamvis
629 1818 732 1883 multa
756 1817 795 1883 de
812 1817 883 1882 eius
901 1818 1018 1883 robore
1035 1820 1220 1898 narrentur,
1243 1818 1315 1882 veri
1331 1818 1439 1884 herois

260 1922 402 2003 speciem
425 1920 589 2001 praeiert3
615 1918 654 1986 cl.
671 1922 770 2004 Legr.
796 1922 813 1985 1.
832 1925 852 1985 l.
871 1941 898 2001 p.
918 1907 981 1988 184
1006 1939 1053 2005 sq.
1087 1921 1143 1985 Sic
1158 1921 1292 1985 heroica
1309 1920 1439 2005 quidem

205 2099 206 2104 ἵ
259 2027 369 2107 poes1s
392 2024 425 2090 iu
451 2024 640 2090 inferiorem
675 2025 782 2090 locum
815 2026 951 2090 detrusa
986 2035 1047 2105 est,
1083 2044 1146 2089 uon
1181 2028 1346 2106 κρείττους,
1382 2023 1442 2090 sed

260 2132 366 2212 ὅμοιοι
390 2129 445 2212 (cf.
471 2130 571 2194 Arist.
597 2135 657 2200 art.
693 2133 778 2209 poet,
815 2147 885 2210 cap.
919 2129 965 2213 ll)
996 2127 1065 2194 ficti
1090 2130 1176 2208 sunl,
1202 2132 1238 2192 at
1263 2131 1356 2192 certe
1379 2129 1442 2194 hoc

260 2233 353 2298 modo
377 2233 551 2298 vitavere
576 2251 733 2314 expressa
758 2242 818 2298 ost.
842 2271 885 2280 -
909 2232 1053 2299 Heroum
1078 2251 1225 2297 mores
1251 2233 1443 2297 accuratius

261 2337 385 2417 depicti
414 2339 491 2402 suut
514 2337 548 2400 iu
571 2337 623 2402 his
648 2336 785 2417 epylliis.
833 2337 870 2400 Iu
896 2337 954 2400 Th.
980 2354 1005 2400 c.
1033 2335 1082 2399 XI
1098 2337 1121 2412 ¹)
1145 2338 1302 2400 notantur
1334 2355 1451 2400 mores

260 2441 460 2523 Polyphemi,
486 2441 541 2524 qui
564 2443 674 2504 tamen
698 2458 762 2503 non
798 2443 850 2504 est
874 2439 1012 2522 Cyclops
1036 2439 1187 2503 immanis
1212 2439 1367 2520 antiquae
1392 2436 1438 2503 ia·

263 2546 369 2621 culae,
394 2543 452 2608 sed
476 2543 668 2608 adulescens
694 2545 776 2609 satis
801 2549 1001 2625 mansuetus
1025 2542 1170 2626 puerilis.
1208 2543 1325 2607 eximia
1364 2543 1449 2607 sim--

261 2650 412 2734 plicitate
437 2649 545 2729 animi,
569 2648 632 2712 sibi
656 2649 797 2729 placens,
830 2647 980 2730 agrestis.
1028 2647 1190 2726 Imprimis
1214 2665 1293 2715 vero
1317 2654 1442 2728 poetae

261 2773 326 2819 nou
350 2757 418 2819 tam
442 2755 559 2819 heroes
584 2755 687 2832 notos
712 2771 807 2834 quam
831 2753 964 2817 heroum
989 2752 1144 2838 aequales
1180 2753 1286 2816 miuus
1317 2752 1440 2832 conspi-

262 2877 340 2924 cuos
373 2858 438 2926 sihi
474 2856 616 2939 elegisse
651 2857 804 2923 videntur
861 2856 974 2921 Veluti
998 2856 1192 2920 Theocritus
1227 2857 1261 2920 iu
1285 2876 1312 2921 c.
1339 2855 1438 2922 XXV

268 2965 366 3044 parte
389 2963 491 3047 prima
514 2961 615 3026 multo
640 2962 745 3044 magis
770 2981 866 3042 quam
900 2961 941 3024 ad
964 2961 1142 3025 Herculem
1166 2961 1307 3026 animum
1331 2961 1449 3026 luten-¹

262 3069 312 3132 dit
335 3067 369 3131 in
394 3085 505 3131 senem
529 3065 702 3147 affabilem,
726 3066 884 3146 sedulum,
909 3066 963 3147 qui
989 3067 1079 3130 sorte
1104 3084 1163 3130 sua
1185 3071 1360 3130 contentus
1385 3065 1437 3130 do·

261 3172 340 3237 mini
379 3171 504 3237 divitiis
540 3171 663 3251 gaudet
732 3171 845 3252 Neque
882 3170 1038 3234 minorem
1076 3187 1186 3234 curam
1222 3169 1445 3235 Callimachus

262 3273 407 3338 moribus
444 3271 588 3334 Hecalae
623 3270 847 3336 describendis
871 3270 1064 3353 impertivit,
1100 3288 1182 3334 auus
1219 3270 1308 3336 illius
1340 3273 1440 3353 χείλεα

262 3379 411 3443 detulero
434 3376 587 3441 habentis
612 3375 657 3454 (ir
690 3395 783 3442 auou.
808 3376 853 3460 2),
877 3377 1037 3457 curlosaa
1062 3375 1446 3461 1113311313,1033113113Ὶ

263 3499 455 3567 quamquam
480 3499 605 3564 pauper
628 3486 687 3561 est,
719 3483 903 3554 contentae,
928 3483 993 3546 etsi
1028 3480 1104 3546 olim
1137 3481 1270 3545 meliore
1308 3479 1440 3545 fortuna

263 3605 324 3650 usa
348 3585 550 3650 est—Hae
575 3591 643 3649 tres
660 3603 821 3669 personae
844 3585 991 3650 homiues
1028 3587 1105 3650 sunt
1128 3585 1253 3650 rustici.
1286 3585 1338 3649 En
1363 3588 1440 3649 stu·

263 3689 387 3754 dium
409 3689 735 3753 bucolicorum
758 3708 934 3769 rerum,
958 3708 1092 3758 orcarum
1118 3689 1166 3753 illi
1190 3691 1309 3768 poetae
1334 3708 1440 3753 ainau-

262 3792 383 3858 tissimi
406 3791 547 3857 luerunt.
595 3792 732 3857 Scatent
756 3792 883 3857 omniuo
909 3792 1030 3873 epyllia
1054 3792 1212 3872 exemplis
1245 3792 1342 3860 hulus
1367 3793 1441 3856 Ale·

262 3896 661 3977 33311133111313133113,
695 3900 730 3959 ut
754 3896 810 3959 Th.
837 3914 862 3959 c.
888 3894 993 3965 XXV.
1030 3897 1122 3960 cuius
1147 3915 1218 3960 cum
1242 3896 1347 3974 prima
1371 3898 1441 3960 tum

263 4002 371 4066 alteru
405 4019 482 4081 pars
519 3999 561 4064 ad
592 4019 645 4064 res
670 3998 855 4080 pastorales
890 3999 1046 4081 pertinet,
1069 4001 1127 4066 Th.
1151 4019 1179 4066 o.
1205 3999 1289 4064 XIII
1312 3996 1366 4083 (cl.
1392 4017 1439 4066 vs,

264 4195 475 4202 *η-

353 4297 377 4363 ¹)
398 4295 530 4348 Similiter
549 4295 617 4348 Bion
645 4297 804 4364 Polyphemi
833 4312 922 4350 mores
951 4300 1086 4350 tractasse
1115 4296 1232 4361 videtur,
1261 4297 1294 4349 cf.
1321 4295 1441 4349 Hollaud

263 4383 280 4436 1.
301 4383 317 4436 l.
338 4399 363 4450 p.
384 4382 444 4435 250.
