3306 5076
710 471 887 534 „57-

208 639 401 720 colloquium
424 641 559 708 Iunonis
583 647 618 710 et
640 645 802 712 Horarum
827 647 868 712 ad
893 645 1062 712 durantem
1092 649 1215 714 statum
1237 645 1367 733 redegit
1375 671 1388 728 ;·

206 758 256 806 vs.
281 743 356 822 368,
390 741 465 806 dum
489 762 599 810 omues
633 747 667 811 in
691 747 830 812 saltibus
853 747 1005 813 Paridem
1029 747 1143 830 lugent
1157 748 1191 833 ¹),
1220 753 1318 830 nocta
1341 747 1383 814 ad

207 862 249 910 ea
271 866 307 910 se
331 848 503 930 convertit,
527 868 608 930 quae
631 852 749 918 Troiae
783 861 944 934 aguntum
978 871 1024 918 vs
1048 853 1131 935 411,
1165 853 1240 918 dum
1264 852 1383 920 Troiae

205 950 313 1018 luctus
338 954 513 1018 communis
537 957 596 1036 est,
619 957 661 1022 ad
685 957 851 1022 Oenonam
875 958 1065 1024 revertitur.
1100 995 1144 1006 —-
1174 959 1276 1024 Totas
1300 955 1380 1022 duas

205 1059 361 1136 actiones
385 1077 467 1138 quae
490 1059 631 1126 diversis
654 1060 734 1126 locis
757 1061 851 1127 simul
876 1061 967 1143 fiunt,
991 1062 1141 1144 apoetis,
1165 1062 1218 1142 qui
1235 1061 1381 1128 ordinem

203 1162 363 1240 temporis
395 1167 582 1240 sequuntur,
618 1163 755 1228 tractari
789 1161 924 1242 nequire
958 1163 1166 1244 perspicuum
1201 1165 1261 1231 est.
1305 1163 1379 1250 ,Sed

203 1256 291 1341 licet,
315 1267 351 1325 ut
375 1261 528 1326 nonnulla
551 1262 669 1328 saltem
693 1262 830 1329 alterius
855 1263 993 1330 actionis
1009 1269 1237 1344 memorentur,
1262 1265 1380 1346 paulis-

204 1379 264 1441 per
288 1361 397 1427 oculos
422 1363 462 1425 ab
487 1361 592 1428 altera
617 1363 658 1427 ad
681 1365 818 1428 alteram
836 1364 1040 1445 convertere,
1064 1360 1097 1427 id
1123 1362 1205 1442 quod
1221 1363 1278 1428 Th.
1295 1362 1381 1428 Xlll

202 1467 334 1532 68-70
358 1466 486 1551 lecit').
533 1466 640 1532 Aliter
663 1467 856 1534 Theocritus
880 1467 914 1531 in
938 1485 965 1531 e.
990 1467 1105 1531 XXIV
1121 1476 1292 1533 assecutus
1317 1475 1378 1553 est,

201 1578 247 1650 ut,
272 1574 347 1640 dum
371 1573 442 1653 ipse
466 1572 505 1637 de
529 1573 628 1638 rebus
652 1573 737 1654 apud
769 1583 924 1654 parentes
957 1573 1063 1653 gestis
1096 1571 1185 1656 agit,
1209 1573 1384 1640 victoriam

200 1679 363 1760 Herculis,
387 1698 480 1760 quem
505 1680 683 1745 luctantem
699 1680 839 1760 reliquit,
864 1697 921 1744 suo
938 1681 1085 1760 tempore
1102 1691 1380 1746 commemoraret.

204 1785 375 1868 Ingeniose
400 1784 494 1865 enim,
518 1803 559 1848 ne
583 1786 650 1852 loco
675 1788 800 1850 mutato
825 1785 966 1848 alteram
990 1783 1149 1848 actionem
1166 1785 1380 1865 interrumpe-

201 1895 261 1972 ret,
285 1892 318 1957 1¹11
343 1911 387 1958 ve.
411 1893 454 1955 46
478 1890 589 1957 verbis
613 1892 740 1960 ιπιιιστάς
764 1891 943 1972 ἐνεπλήσθη
977 1889 1069 1951 πάλιν
1100 1886 1230 1971 ὄρφνας’
1258 1889 1380 1970 signifi·

199 1998 289 2061 cavit
311 1998 408 2062 finem
431 2015 559 2078 pugnae
576 1995 610 2076 Β).
646 2034 687 2046 -
722 1995 916 2078 Progressio
951 1994 1090 2058 actionis
1114 1994 1253 2074 denique
1278 2012 1379 2075 saepe

198 2099 248 2165 ita
270 2102 315 2182 fit,
339 2108 376 2166 ut
400 2101 514 2181 aliquis
539 2101 579 2164 ab
605 2119 667 2165 uno
691 2101 760 2166 loco
786 2101 826 2164 ad
845 2099 982 2164 alterum
998 2097 1208 2177 proficiscens
1224 2097 1377 2189 fingatur·

197 2204 237 2268 In
260 2207 310 2271 his
335 2207 511 2272 itineri
528 2208 608 2271 bus
633 2205 852 2285 exprimendis
876 2206 994 2285 poetae
1011 2202 1201 2280 quibusdam
1217 2203 1376 2302 licentiis¹

198 2331 284 2392 quae
308 2313 372 2377 iam
406 2313 439 2376 in
465 2313 662 2378 carminibus
687 2311 870 2377 Homericis
904 2315 1089 2389 occurrunt,
1123 2309 1175 2372 usi
1210 2324 1299 2390 sunt,
1334 2318 1375 2386 ot,

202 2417 363 2484 Zielinski
388 2418 406 2482 l.
431 2418 449 2481 l.
473 2438 501 2498 n.
527 2419 605 2484 421:
629 2418 697 2482 ‘Da
720 2417 768 2482 sie
797 2437 858 2482 nur
883 2415 986 2481 durch
1020 2414 1148 2495 wenige
1174 2414 1287 2480 Worte
1322 2435 1376 2482 an-

201 2525 359 2605 gedeutet
382 2523 524 2601 werden,
547 2541 583 2588 so
607 2523 697 2587 steht
721 2541 757 2586 es
781 2521 853 2586 dem
876 2521 1014 2586 Dichter
1038 2516 1110 2599 frei,
1134 2517 1225 2584 diese
1248 2519 1376 2586 Andeu·

196 2630 321 2710 tungen
346 2650 387 2695 an
411 2630 473 2696 den
497 2629 636 2713 Aniang,
660 2649 719 2696 ans
742 2629 836 2695 Ende
861 2629 938 2694 oder
962 2646 1004 2691 an
1028 2625 1161 2708 Anlang
1194 2624 1258 2689 und
1281 2627 1375 2692 Ende

195 2734 345 2814 augleich
369 2753 409 2799 zu
433 2736 576 2801 rdcken’.
623 2737 729 2801 Huius
753 2737 905 2800 licentiae
930 2733 1078 2813 exempla
1094 2733 1127 2796 in
1144 2732 1273 2812 epylliis
1288 2733 1375 2798 haud

195 2857 281 2921 rara,
306 2838 363 2903 sed
387 2859 557 2920 numquam
574 2843 710 2907 molesta
728 2844 812 2906 sunt.
858 2839 950 2904 Finis
966 2843 1093 2903 tantum
1110 2837 1240 2902 itineris
1258 2856 1374 2905 memo·

193 2943 287 3004 ratur
310 2941 344 3004 in
367 2941 409 3006 Μ.
434 2941 467 3005 Il
492 2942 542 3025 89,
566 2944 624 3008 sed
641 2942 770 3006 initium
797 2959 861 3006 non
878 2941 1095 3021 desideratur,
1119 2939 1194 3019 quia
1209 2937 1264 3020 ibi,
1287 2939 1372 3005 unde

191 3045 310 3114 taurus
333 3047 434 3128 venit,
458 3048 537 3113 nihil
569 3048 614 3129 fit,
639 3047 697 3112 sed
732 3049 817 3112 actio
842 3048 950 3126 potius
974 3047 1007 3109 in
1031 3048 1125 3126 prato
1151 3044 1370 3111 continuatur.

195 3147 289 3215 Finis
312 3154 442 3219 itineris
466 3155 560 3220 deest
593 3154 626 3219 in
651 3153 709 3219 Th.
734 3153 832 3216 XXV
865 3159 960 3232 parte
995 3151 1037 3235 Il,
1061 3151 1117 3215 ubi
1139 3154 1250 3214 tamen
1273 3155 1372 3230 poeta

192 3271 256 3318 non
280 3257 416 3322 verbum
440 3259 645 3339 adveniendi,
680 3259 739 3323 sed
775 3259 912 3340 omniuo,
947 3260 984 3321 ut
1018 3258 1160 3339 videtur,
1194 3257 1371 3324 adventum

191 3359 302 3425 omisit
326 3359 379 3444 (cf.
405 3383 433 3443 p.
459 3366 525 3448 27).
570 3365 652 3429 Aliis
676 3365 755 3430 locis
779 3364 852 3429 finis
876 3365 1048 3446 itinerum,
1073 3366 1137 3431 etsi
1161 3383 1224 3430 non
1248 3363 1370 3428 indica.

189 3461 255 3542 tur,
279 3463 361 3526 satis
386 3469 523 3543 apparet
547 3483 587 3530 ex
610 3466 691 3546 ipsis
715 3465 897 3530 actionibus
929 3465 1109 3548 hominnm,
1132 3470 1170 3532 ut
1202 3465 1259 3530 Th.
1283 3464 1369 3530 XIlI
1447 3519 1451 3524 .

188 3561 233 3626 46
251 3565 284 3626 et
301 3564 442 3642 58-60,
458 3565 571 3629 XXIV
588 3567 630 3630 66
644 3565 696 3650 (ol.
713 3586 743 3647 p.
755 3568 820 3649 53),
836 3567 876 3631 Μ.
901 3567 930 3630 ll
949 3567 1011 3635 163
1036 3566 1090 3649 (cl.
1105 3587 1134 3648 p.
1150 3569 1215 3653 bb).
1241 3567 1368 3634 Deinde

189 3660 275 3726 siout
295 3663 326 3726 in
343 3664 540 3730 carminibus
553 3667 736 3733 Homericis
749 3668 869 3734 itinera
885 3669 988 3732 taceri
1002 3672 1180 3747 potuerunt
1192 3667 1245 3756 (cf.
1261 3669 1295 3732 Ζ.
1309 3670 1331 3734 l.
1345 3670 1366 3734 l.

188 3783 217 3843 p.
241 3766 331 3850 423),
355 3769 433 3835 item
455 3771 618 3838 interdum
641 3773 675 3836 in
699 3773 828 3855 epylliis
844 3773 990 3839 homiues
1009 3773 1162 3854 quosdam
1186 3774 1279 3840 abire
1303 3795 1369 3843 non

188 3926 400 3939 -——..——..

276 4014 295 4081 ¹)
317 4014 368 4067 Sed
381 4015 431 4068 hoc
444 4017 501 4072 loco
516 4021 673 4087 sepulturae
687 4035 793 4092 quoque
806 4020 915 4074 initium
928 4037 1040 4075 narrare
1054 4019 1155 4085 debuit,
1171 4020 1198 4072 cl
1216 4035 1233 4086 p
1255 4022 1288 4073 53
1302 4038 1319 4074 n
1339 4025 1364 4077 ⁴2.

278 4103 299 4166 ²)
318 4104 433 4159 Pulchre
454 4109 615 4164 Theocritus
637 4111 687 4164 hoc
715 4110 794 4162 modo
820 4111 945 4164 Herculis
974 4127 1102 4180 magnum
1131 4110 1251 4162 dolorem
1280 4115 1362 4178 atque

185 4205 305 4244 amorem
325 4196 460 4262 ostendit,
480 4214 542 4250 narn
561 4204 624 4266 apte
643 4200 767 4268 legentes
791 4200 925 4266 admonet,
953 4205 1084 4272 quantum
1103 4199 1235 4266 temporis
1255 4199 1361 4256 interea

184 4281 368 4344 praeterierit.
407 4285 492 4340 Simul
511 4295 657 4358 praeparat
677 4289 872 4360 protectionem
891 4293 1126 4358 Argonautarum.

235 4407 238 4414 .
273 4367 293 4435 ⁵¹)
314 4369 355 4422 uf.
373 4385 413 4424 vs.
434 4372 482 4425 22:
503 4373 551 4427 Th.
570 4375 657 4428 lucem
676 4375 781 4429 invenit
800 4378 920 4431 fortasse
939 4394 992 4430 non
1013 4379 1100 4432 solum
1119 4382 1234 4445 propter
1247 4395 1356 4434 causam

182 4466 208 4518 p.
228 4451 262 4504 47
282 4451 400 4519 allatam,
421 4457 469 4510 sed
489 4458 580 4524 etiam,
601 4466 632 4514 nt
652 4462 767 4516 artiticio
787 4480 826 4518 vs.
847 4465 881 4518 46
901 4465 942 4518 uti
962 4471 1065 4534 posset.
