3306 5076
706 409 884 476 -53-

199 595 411 658 exterae
434 583 573 652 facile
597 586 969 671 neglegunturq.
1014 586 1128 654 Veluti
1151 607 1255 669 paene
1280 589 1389 656 omnia

205 716 258 779 ea,
282 712 363 776 quae
386 690 488 758 oculis
511 690 747 773 percipiuntur,
770 691 888 758 desunt
916 691 951 756 in
981 693 1038 756 Th.
1063 691 1181 756 XXIV
1215 699 1310 774 parte
1333 695 1387 775 ΙΙ;

208 823 238 869 v.
261 801 395 867 brevem
411 793 683 861 introductionem
712 796 871 861 sermonis
905 815 954 862 vs.
987 796 1043 863 66:
1066 797 1235 880 Ἀλκμήνα
1258 801 1384 864 καλέσα-

208 933 250 973 σα
276 957 283 971 .
309 955 316 970 .
339 903 493 978 κατέλεξα
518 904 596 965 aute
620 899 730 965 oculos
753 899 887 980 ponitur
903 899 1049 964 Tiresias
1072 916 1137 964 non
1153 902 1230 965 ante
1246 920 1293 968 vs.
1313 905 1387 968 101.

207 1009 254 1074 Et
276 1006 393 1073 auctor
415 1003 457 1067 Μ.
481 1003 531 1066 IV
555 1020 609 1066 res
635 1007 790 1068 externas
813 1003 911 1084 plane
935 1002 1053 1069 omisit.
1100 1000 1147 1068 of.
1177 1002 1288 1082 Quint.
1321 1005 1385 1071 Sm.

208 1114 242 1179 X
265 1111 329 1182 389
354 1128 428 1188 sqq.‚
452 1105 509 1172 ubi
532 1105 614 1171 nihil
638 1104 678 1170 de
702 1105 890 1171 condicione
915 1108 949 1170 et
972 1105 1042 1170 loco
1059 1105 1218 1172 orationis
1235 1107 1384 1174 Helenae

209 1210 463 1296 comperimus).
488 1246 532 1260 -
555 1211 592 1274 In
618 1209 692 1275 aliis
724 1212 853 1293 epylliis
882 1210 970 1275 tanti
993 1212 1163 1290 poetarum
1193 1210 1386 1279 interfuisse

210 1318 339 1385 videtur
361 1313 566 1380 orationibus
590 1311 727 1379 affectus
751 1314 914 1379 hominum
944 1313 1131 1394 illustrare,
1161 1317 1199 1379 ut
1222 1315 1386 1382 actionem

202 1423 309 1503 ipsam
336 1415 504 1482 saltuatim
529 1414 702 1481 referrent.
750 1414 842 1493 Quod
866 1420 1005 1496 apparet
1030 1434 1048 1480 e
1069 1418 1268 1484 carminibus
1299 1421 1386 1504 epyl.

206 1523 323 1588 liorum
346 1518 438 1583 Alex.
464 1517 633 1599 similibus
657 1518 697 1583 de
714 1519 829 1599 quibus
846 1517 885 1583 ci.
901 1519 1015 1585 Rohde
1028 1519 1047 1583 l.
1063 1519 1084 1585 l.
1103 1540 1132 1601 p.
1159 1522 1222 1589 142
1248 1522 1318 1588 adu.
1346 1527 1385 1590 1:

193 1623 282 1689 *Die
313 1621 395 1686 iiber
426 1617 479 1686 die
510 1618 728 1702 Schilderuog
758 1621 816 1687 des
848 1621 919 1690 11111
954 1623 1230 1692 Thatsa'chlichen
1260 1629 1387 1696 schnell

203 1728 344 1808 hiuweg‚
367 1741 409 1788 uu
433 1722 495 1788 den
519 1722 686 1806 lyrischeu
710 1724 877 1806 ldrgiisseu
902 1725 962 1790 der
977 1725 1199 1810 Empfiuduug
1221 1730 1303 1795 oder
1326 1731 1387 1796 der

204 1829 403 1909 Ausmaluug
426 1825 650 1907 pathetischer
666 1825 873 1892 Situationeu
898 1827 1026 1893 eilande
1047 1829 1383 1912 Darstellungsweise

204 1931 287 2000 wird
319 1949 395 1996 man
431 1928 532 1996 leicht
555 1929 750 1995 bomerkeu:
786 1950 814 1994 z.
839 1931 876 1995 B.
900 1932 955 1996 bei
977 1932 1123 2012 blosius
1154 1933 1187 1998 in
1211 1934 1382 2003 einzelnen

201 2034 436 2117 Euathlungeu
459 2034 517 2100 des
542 2033 626 2101 Ouid
649 2087 655 2098 .
675 2087 705 2116 .,
728 2054 814 2117 gouz
837 2036 1028 2117 voruiiglich
1052 2036 1134 2103 aber
1155 2037 1190 2102 in
1211 2039 1272 2104 der
1288 2041 1383 2106 Ciris

202 2124 344 2206 dholicb
378 2138 413 2204 iu
436 2139 562 2203 Catulis
585 2137 776 2220 Erzahlung
811 2158 874 2206 von
898 2140 1046 2204 Theseus
1070 2138 1136 2207 und
1159 2139 1313 2220 Ariadne,
1348 2144 1382 2209 C.

202 2244 314 2310 LXIV
329 2241 500 2321 52-2643
513 2240 579 2306 und
603 2242 680 2307 'sehr
704 2240 881 2306 auffallend
907 2243 941 2307 iu
965 2241 1023 2308 der
1047 2242 1236 2325 elegischen
1258 2244 1383 2312 Eruth-

202 2350 283 2431 lung
314 2347 372 2414 des
406 2347 549 2427 Propera
583 2346 629 2427 (V
652 2345 685 2432 4)
719 2365 782 2412 von
818 2344 876 2411 der
910 2345 1061 2428 TarpeJa.
1107 2348 1179 2429 Vgl.
1216 2349 1300 2414 auch
1324 2349 1383 2415 des

194 2454 343 2531 Quintus
355 2451 548 2534 Eruthlung
559 2452 720 2518 vonParis
737 2452 802 2516 und
816 2451 950 2518 Oenone
960 2449 975 2515 ’.
1011 2453 1059 2517 Ac
1071 2451 1224 2518 similiter
1246 2452 1384 2519 disserit

202 2557 348 2638 Kuaack,
371 2557 516 2620 P.-Wo'ss.
540 2559 580 2621 R.
605 2557 622 2620 I
648 2556 752 2624 1402:
777 2559 830 2622 ‘es
846 2557 929 2623 wird
954 2557 1012 2622 der
1035 2557 1214 2623 erustliohe
1230 2557 1379 2626 Versuoh

201 2662 366 2744 gemacht,
389 2659 441 2726 die
466 2660 763 2742 Seelenstimmung
786 2660 844 2726 der
867 2658 996 2726 Heldeu
1031 2662 1097 2726 und
1121 2660 1308 2727 Heldinneu
1341 2681 1383 2728 zu

200 2763 419 2846 analysierem
443 2762 600 2828 withreud
626 2761 678 2828 die
710 2762 909 2845 eigeutliche
931 2763 1123 2846 Eruthlung
1152 2766 1381 2848 sprungweise

201 2865 428 2934 fortschreitet
451 2864 531 2932 oder
555 2866 626 2933 sich
647 2866 707 2931 mit
730 2864 972 2948 Andeutuugeu
996 2866 1160 2951 beguiigt’
1173 2867 1208 2954 ⁸).

208 3035 419 3056 .—......-.l..

291 3148 309 3210 ¹)
330 3149 431 3201 Tamen
450 3162 503 3200 nou
523 3148 606 3212 deest,
627 3147 673 3200 ubi
692 3151 797 3215 poetae,
818 3148 870 3201 etsi
890 3149 1028 3203 orationes
1048 3151 1214 3217 praevalent,
1235 3153 1317 3206 robus
1337 3170 1380 3206 ex-

201 3237 270 3290 teris
289 3236 486 3290 consuluerint:
515 3240 547 3289 ut
564 3235 593 3289 iu
613 3237 662 3290 Th.
682 3238 758 3290 XXV
783 3253 821 3290 vs.
842 3238 876 3290 68
896 3253 953 3305 sqq.
974 3238 1065 3307 imago
1085 3241 1218 3306 quaedam
1236 3242 1309 3296 vitae
1338 3259 1381 3296 ru·

201 3325 288 3381 stioae
315 3326 483 3396 proponitur,
508 3342 546 3380 vs.
568 3326 619 3378 155
639 3342 696 3396 sqq.
715 3325 792 3394 regio
819 3328 898 3393 paulo
928 3319 1090 3391 accuratius,
1123 3345 1203 3394 quarn
1222 3331 1283 3383 fieri
1302 3332 1379 3397 solet,

188 3414 372 3480 describitur,
392 3430 431 3468 vs.
452 3415 503 3468 189
523 3431 579 3481 sqq.
599 3431 643 3469 res
663 3415 769 3469 minuta
782 3415 902 3484 lingitur,
923 3434 977 3484 qua
995 3421 1127 3486 legentes),
1148 3422 1179 3471 ut
1198 3420 1326 3486 arbitror,
1347 3423 1380 3475 de

203 3504 248 3558 via
267 3505 472 3558 admoneantur.

289 3593 309 3651 ἰ
328 3593 376 3648 Vs.
396 3594 537 3647 eet-429
556 3596 638 3662 poeta
656 3609 742 3662 paene
761 3592 829 3646 nihil
855 3593 922 3662 agit,
951 3595 1004 3648 uisi
1023 3600 1055 3649 ut
1065 3591 1217 3664 exprimat,
1245 3599 1379 3663 quomodo

199 3682 302 3752 singuli
319 3671 427 3737 Paridis
446 3689 533 3737 morte
544 3682 671 3736 commoti
691 3682 758 3749 siut3
778 3699 865 3750 neque
879 3684 1012 3737 actionem
1032 3684 1071 3738 ibi
1089 3686 1210 3752 praebet,
1231 3687 1279 3740 sed
1298 3688 1378 3753 quasi

196 3772 430 3840 comparationem
449 3771 597 3826 affectuum
618 3772 660 3834 ,11
680 3772 826 3839 praecipue
845 3787 884 3824 vs.
904 3773 965 3838 411,
985 3773 1032 3826 ubi
1050 3773 1176 3827 Oenonae
1200 3790 1282 3828 verus
1303 3775 1381 3829 dolor

200 3859 347 3928 opponitur
364 3861 482 3914 luctibus
503 3861 625 3914 aliorum.
663 3861 710 3915 Vs.
730 3861 783 3914 369
803 3860 920 3926 Quintus
940 3878 956 3914 a
975 3877 1097 3916 maerore
1116 3877 1218 3927 eorum,
1239 3864 1286 3930 qui
1305 3866 1380 3933 apud

199 3953 337 4002 mortuum
357 3953 428 4013 suut,
449 3949 482 4001 ad
494 3964 547 4013 eos,
568 3948 613 4015 qui
631 3949 659 4002 in
673 3951 739 4003 urbe
752 3950 886 4014 habitant,
907 3949 1018 4014 transit;
1038 3957 1199 4018 apparatum
1213 3952 1378 4018 sepulturae,

197 4053 279 4108 quem
299 4036 393 4090 statim
411 4041 475 4105 post
493 4054 531 4091 vs.
552 4039 605 4090 368
624 4038 834 4105 exspectaveris,
854 4040 962 4092 demum
981 4054 1020 4094 vs.
1039 4039 1092 4093 460
1111 4055 1169 4111 sqq.
1187 4039 1292 4095 lacrum
1318 4057 1379 4096 esse

199 4131 342 4180 memorat.

289 4214 309 4280 ³)
328 4213 511 4269 Nihilominus
530 4216 651 4280 Knaack,
671 4215 796 4286 Fostpote
810 4215 834 4284 f.
854 4215 983 4271 Sosemilzl
1000 4234 1025 4285 p.
1045 4219 1079 4270 49
1101 4233 1140 4290 sq.
1158 4219 1236 4272 valde
1251 4217 1380 4287 obiurgat

198 4301 340 4356 Musaeum
368 4304 400 4356 de
429 4303 480 4356 bac
503 4304 596 4358 eadem
615 4304 722 4359 ratione
750 4306 834 4372 (quod
863 4306 964 4359 attinet
995 4307 1030 4359 od
1054 4306 1201 4373 orationes,
1226 4307 1254 4361 in
1273 4308 1380 4362 Musaei

187 4390 421 4446 Ι11111111111111111
441 4392 533 4464 28⁰r'ot
563 4395 596 4447 of.
617 4410 648 4448 ea
668 4411 736 4466 quae
755 4412 780 4462 p.
801 4398 835 4454 52
853 4395 1011 4467 disputavi).
