3306 5076
788 411 965 506 -42'..

290 588 427 657 Maassii
461 587 664 670 argumentis
698 587 927 668 Reitzenstein
965 591 1025 656 hoc
1061 589 1153 655 addit
1177 586 1220 675 (p.
1246 591 1340 672 loll:
1365 590 1471 658 ‘Dass

290 694 348 760 das
371 691 455 758 Lied
488 710 554 759 ron
576 691 721 758 Ariadne
757 711 816 758 aus
853 693 946 760 einer
980 693 1291 760 alexandrinischen
1315 695 1468 777 Vorlage

291 798 444 876 stammt,
467 794 606 861 beweist
628 794 842 862 bekanntlich
874 796 933 863 der
967 797 1023 862 bei
1046 798 1162 864 Cicero
1187 797 1357 864 erhaltene
1381 797 1469 864 Vers

291 900 349 966 des
373 896 540 981 Originals
571 899 670 963 πολλὰ
703 902 805 983 μάτην
839 903 1002 982 κεράεσσιν
1036 904 1078 971 εἰς
1112 903 1191 982 ἀέρα
1214 899 1417 984 θυμήναντα’
1431 904 1469 986 ¹).

290 1003 452 1088 Equidem
473 1007 552 1088 puto
577 1001 752 1067 diiudicari
773 1021 837 1068 non
854 1022 960 1086 posse,
984 1003 1070 1070 unde
1087 1003 1233 1070 Catullus
1249 1022 1382 1070 versum
1401 1007 1466 1074 111

291 1110 459 1174 mutuatus
482 1107 541 1185 sit3
565 1104 698 1173 videtur
722 1112 780 1171 ant
803 1109 938 1172 Hecatae
952 1108 977 1192 ¹)
1002 1109 1060 1172 ant
1084 1108 1238 1172 carminis
1262 1108 1402 1174 alicuius
1427 1108 1470 1174 ad

287 1211 510 1277 Minotaurum
533 1209 731 1294 pertinentis
755 1207 867 1276 fuisso.
885 1248 927 1258 -
943 1211 991 1276 Utv
1005 1209 1152 1276 Catullus
1169 1211 1272 1276 multa
1288 1215 1323 1277 et
1339 1231 1357 1278 e
1375 1216 1468 1278 certo

288 1313 329 1381 de
352 1314 445 1379 Pelei
468 1313 591 1398 nuptiis
616 1318 650 1378 et
675 1332 692 1378 e
718 1317 808 1378 certo
833 1313 872 1380 de
889 1314 1035 1380 Ariadna
1059 1314 1203 1380 carmine
1220 1313 1469 1406 deprompserit,

289 1423 400 1484 tamen
423 1417 556 1483 fabulas
580 1436 685 1502 aeque
709 1421 809 1502 atque
832 1419 866 1482 in
891 1418 1011 1504 epyllia
1029 1418 1150 1483 Catulli
1173 1419 1238 1484 iam
1261 1419 1295 1482 in
1318 1438 1382 1486 uno
1399 1438 1469 1484 car-

288 1521 377 1586 mine
400 1519 620 1586 Alexandrino
646 1522 815 1606 copulatas
845 1520 949 1588 fuisse
964 1521 988 1606 ³)
1012 1521 1241 1587 Reitzenstein
1257 1522 1389 1588 minime
1413 1523 1468 1588 de·

286 1625 493 1690 monstravit.
524 1624 719 1708 Praeceptis
735 1624 917 1706 Menandri,
942 1643 1026 1708 qnae
1038 1624 1124 1689 idem
1141 1644 1171 1690 v.
1190 1625 1218 1690 d.
1235 1645 1265 1709 p.
1279 1626 1343 1693 100
1359 1625 1468 1708 affert,

289 1729 444 1794 docemur
468 1727 601 1811 nuptias
626 1731 660 1792 et
683 1726 775 1793 Pelei
799 1730 834 1792 et
857 1727 1022 1792 Ariadnae
1039 1728 1072 1792 in
1089 1727 1313 1812 epithalamiis
1325 1729 1467 1794 tractari

290 1832 406 1897 solitas
430 1850 513 1912 esse,
536 1831 570 1894 in
594 1848 656 1895 uno
682 1831 826 1895 carmine
852 1849 908 1896 eas
932 1832 1124 1897 coniunctas
1155 1831 1259 1898 fuisse
1283 1851 1348 1898 non
1372 1831 1465 1898 doce·

289 1953 369 2000 mur.
414 1935 529 2019 Neque
564 1934 644 1999 mihi
676 1935 843 2018 persuasit
867 1935 1096 2001 Reitzenstein
1132 1935 1181 2000 ita
1215 1941 1467 2017 argumentatus

291 2052 335 2124 (p.
364 2037 460 2119 101):
485 2037 576 2102 ‘Nur
591 2056 687 2101 worm
710 2038 764 2102 ich
787 2036 846 2102 das
863 2037 1013 2120 Original
1036 2038 1145 2104 seines
1161 2037 1281 2104 Liedes
1297 2038 1357 2104 mit
1374 2039 1466 2104 einer

287 2143 450 2209 Hochzcit
482 2143 516 2206 in
551 2143 837 2224 Zusammenhang
873 2143 1005 2224 bringa,
1047 2161 1184 2224 vermag
1227 2143 1281 2207 ich
1316 2143 1467 2209 Gewioht

288 2245 410 2312 darant
432 2265 472 2310 zn
497 2245 612 2327 legen,
644 2245 721 2310 dass
745 2246 804 2312 der
826 2246 989 2310 Hochzeit
1012 2244 1070 2311 des
1094 2245 1300 2312 sterblichen
1323 2247 1383 2311 mit
1406 2247 1465 2311 der

289 2349 405 2416 Gottin
440 2350 493 2414 uie
526 2350 585 2414 des
621 2347 738 2414 Gottes
780 2349 839 2413 mit
879 2349 937 2412 der
972 2349 1181 2414 Sterblichen
1216 2348 1414 2435 entspricht'
1430 2350 1466 2436 ⁴).

290 2456 412 2520 Contra
435 2454 549 2520 ambae
574 2451 706 2517 fabulae
732 2471 804 2518 cum
828 2453 876 2517 eis
900 2454 988 2534 loris,
1011 2453 1067 2517 ubi
1091 2460 1188 2538 poeta
1213 2472 1307 2519 esua
1323 2472 1466 2538 persona

289 2558 443 2639 loquitur,
466 2557 643 2643 praecipue
667 2575 739 2620 cum
763 2576 809 2622 vs.
828 2557 892 2624 383
917 2575 999 2640 sqq..
1024 2557 1078 2640 qui
1103 2557 1145 2622 ad
1169 2576 1302 2622 carmen
1316 2557 1465 2642 nuptiale

289 2661 492 2726 nullomodo
517 2660 691 2744 quadrant,
727 2663 795 2724 tam
831 2667 902 2726 arte
938 2660 1115 2725 cohaerere
1139 2660 1218 2726 mihi
1241 2661 1406 2742 videntur,
1429 2664 1468 2726 ut

289 2764 468 2832 verisimile
493 2765 538 2829 sit
562 2764 670 2828 omnia
694 2765 790 2829 simul
816 2769 984 2848 concepta,
1019 2782 1084 2829 non
1107 2764 1182 2830 illos
1206 2783 1324 2831 versus
1347 2771 1466 2851 postea

291 2869 463 2935 aUatullo
488 2868 616 2933 additos
652 2887 734 2934 esse.
781 2869 868 2933 Sane
901 2870 1000 2952 poeta
1033 2867 1114 2931 duras
1149 2868 1282 2953 nuptias
1318 2871 1407 2934 inter
1431 2888 1466 2935 se

289 2973 450 3059 opposuit,
475 2973 533 3037 sed
557 2990 621 3037 non
646 2990 683 3036 eo
702 2972 848 3054 consilio,
871 2976 909 3036 111
926 2971 1174 3055 epithalamium
1198 2972 1368 3038 scriberet.
1405 2973 1466 3039 Po·

288 3077 357 3142 tius
381 3076 490 3142 taedio
514 3076 566 3142 sui
591 3075 716 3141 saeculi
740 3079 856 3164 captus
880 3075 1028 3141 meminit
1058 3073 1146 3139 illius
1172 3077 1293 3142 aetatis
1317 3077 1469 3144 beatissi-

292 3259 504 3268 -.-----

379 3360 401 3428 ¹)
423 3359 556 3412 sumnum
577 3363 640 3412 sunt
661 3375 757 3412 versus
784 3361 847 3413 Eur.
871 3359 956 3410 lhurlr
986 3360 1044 3424 lizi,
1074 3358 1271 3428 l'er·g.tie01·g
1299 3357 1467 3426 111-111101,

292 3446 557 3508 ,011011111101
578 3453 657 3517 sqq.',
678 3445 724 3518 qui
745 3447 873 3498 irruendi
893 3462 998 3517 quoqne
1018 3447 1138 3510 verbum,
1160 3445 1231 3517 qnod
1257 3444 1380 3496 tbtullus
1404 3441 1468 3494 01111-

290 3533 337 3598 sit,
359 3531 495 3585 exhibent.

380 3621 402 3680 ²,
422 3622 462 3675 cf.
475 3621 578 3688 Haupt,
603 3620 694 3690 (lpus-o.
718 3621 746 3671 Il
761 3639 785 3686 p.
799 3624 842 3683 b'l,
863 3619 1016 3684 Schneider,
1039 3621 1146 3672 1111111·
1171 3634 1249 3672 airon.
1270 3618 1331 3676 usu,
1370 3615 1398 3668 Si
1412 3632 1470 3668 rer-

292 3723 341 3761 sus
361 3705 691 3768 1100010111101·11,(10111111
710 3704 828 3757 imitatio
849 3703 958 3757 minime
979 3705 1048 3758 mira
1068 3705 1119 3760 sit:
1140 3704 1185 3757 vin
1205 3703 1276 3756 enim
1291 3702 1402 3758 dubium
1415 3705 1467 3774 est,

290 3793 357 3865 quin
376 3792 506 3854 diuinitus
536 3791 582 3863 qui
601 3789 794 3844 Callimachum
813 3790 906 3859 magni
927 3790 1092 3854 aestimarit,
1112 3791 1162 3843 hor
1183 3805 1290 3842 carmen
1310 3787 1469 3856 praeclaris-

292 3880 391 3934 simum
409 3878 527 3934 noverit.
574 3878 610 3929 Et
629 3877 700 3947 quod
720 3875 813 3929 t'ieero
834 3892 943 3929 versum
970 3876 1049 3946 qnasi
1068 3880 1212 3944 pernotum
1231 3875 1332 3936 1111111111,
1353 3872 1469 3926 mraxime

291 3965 439 4020 conveniat
459 3965 613 4019 celebritati
632 3965 756 4018 11000110.

381 4055 400 4114 ³,
421 4053 507 4106 Simili
526 4053 633 4126 quidem
659 4052 853 4120 compositione
873 4051 1071 4106 Alexandrinos
1091 4055 1186 4118 poetas
1206 4051 1351 4121 sequentes
1370 4057 1471 4101 tollium

291 4139 456 4196 Hesiodeum
475 4139 613 4193 interdurn
632 4155 696 4193 usos
716 4155 776 4192 esse
798 4137 1026 4193 verisimillimum
1040 4141 1090 4200 est,
1105 4152 1267 4208 quamquam
1280 4135 1403 4201 exempla
1416 4151 1471 4188 non

291 4230 417 4290 exstant3
431 4227 478 4279 sed
492 4226 614 4279 Catullus
628 4225 719 4292 potuit
731 4226 800 4278 hunc
814 4226 922 4278 modum
936 4224 969 4276 ab
983 4223 1023 4276 eis
1036 4223 1076 4276 ita
1090 4223 1202 4285 discere,
1216 4220 1471 4298 utipseaclhibcret

380 4311 402 4382 ⁴)
420 4313 515 4381 Longa
534 4311 643 4383 querela
662 4310 783 4364 mulieris
804 4311 936 4373 desertae,
957 4308 1065 4362 etiamsi
1085 4325 1163 4362 omen
1182 4308 1282 4361 malum
1310 4305 1386 4360 exitu
1411 4322 1480 4359 nar.

292 4397 408 4454 rationis
428 4397 535 4452 tollitur
554 4396 752 4469 (Reitzenstein
771 4415 797 4466 p.
817 4399 889 4465 101),
909 4393 1022 4448 carmini
1041 4394 1157 4466 nuptiali
1177 4397 1241 4464 apto
1260 4409 1314 4446 11011
1333 4397 1384 4448 est.
