3306 5076
696 489 877 555 „25-

198 663 355 731 exeuntis
379 668 414 730 et
434 663 583 734 ineuntis
618 665 779 749 exposuit,
811 657 907 733 nimis
931 666 1083 747 quaesita
1106 669 1199 746 sunt3
1223 664 1282 732 sed
1303 685 1379 751 gra·

201 767 375 838 vissimum
398 772 451 835 est
484 769 582 836 illud:
613 773 675 835 ‘un
710 769 983 856 developpement
1016 787 1111 838 assez
1146 769 1376 844 considerable

200 872 298 940 exitii
330 872 417 940 snivi
450 873 710 956 primitivement
741 872 772 940 le
803 892 881 941 vers
918 875 991 956 140,
1025 875 1056 939 le
1091 871 1206 940 detaut
1232 872 1262 940 d'
1285 875 1377 940 unite

189 977 413 1045 ¹subsint-erait
443 977 617 1060 touq'oms'.
664 975 750 1056 Quin
770 977 871 1046 etiam
886 977 987 1045 multo
1003 978 1173 1044 molestior
1187 984 1278 1045 esset
1295 997 1379 1045 com-

182 1081 323 1164 positio
357 1082 521 1164 carminis,
557 1081 585 1147 si
608 1085 684 1163 post
717 1082 848 1164 longam
873 1081 1159 1163 enumerationem,
1182 1100 1265 1162 quac
1288 1082 1379 1148 inest

205 1186 242 1252 in
254 1185 358 1254 tertia
369 1190 475 1268 parte,
487 1191 587 1268 poeta
601 1204 738 1252 narrare
754 1187 965 1267 perrexisset.
992 1186 1083 1270 Ergo
1099 1187 1148 1252 eis
1165 1187 1379 1272 argumentis,

205 1310 290 1372 quae
305 1293 435 1372 prolata
451 1295 536 1374 sunt,
560 1291 776 1359 demonstrari
794 1309 925 1358 carmen
938 1292 1086 1358 clausule
1097 1311 1213 1358 carere
1225 1311 1318 1376 nego.
1331 1331 1372 1342 -

198 1395 333 1479 Ambigi
366 1396 471 1480 igitur
496 1395 617 1478 nequit,
652 1397 728 1476 quin
752 1414 779 1462 c.
802 1395 917 1462 XXIV
941 1396 1096 1481 epyllium
1124 1396 1176 1462 sit.
1222 1397 1334 1464 Christ
1352 1399 1377 1484 ¹)

200 1499 332 1582 quidem
367 1507 402 1567 et
433 1503 495 1568 hoc
518 1519 647 1568 carmen
674 1505 709 1567 et
731 1501 858 1568 Moschi
882 1521 900 1567 c
932 1503 980 1566 IV
1003 1505 1153 1585 ἡρωίναις
1176 1500 1231 1587 (ci.
1256 1502 1378 1570 Suidas

199 1631 225 1678 s.
250 1631 281 1680 v.
312 1613 494 1698 Θεόκριτος)
519 1613 667 1695 assignat
691 1612 733 1698 (p.
759 1613 834 1694 393,
858 1612 924 1682 394
947 1611 1019 1700 sq),
1042 1616 1181 1696 ἡρωίνας
1205 1631 1279 1680 esse
1302 1631 1377 1695 poe·

199 1725 292 1782 mata
311 1717 443 1799 hymnis
468 1716 588 1782 similia
610 1719 704 1782 ratus
727 1714 780 1803 (cf.
804 1734 835 1797 p.
859 1717 933 1797 394,
957 1716 1014 1781 ubi
1037 1718 1182 1782 carmina
1205 1717 1377 1796 utriusque

199 1824 336 1906 generis
370 1824 517 1891 nominat
548 1823 796 1908 Pretapedielte).
852 1822 918 1888 Sed
943 1823 978 1888 in
1001 1827 1118 1891 neutro
1143 1825 1287 1891 carmine
1310 1823 1380 1889 ulla

198 1945 237 1992 re
261 1926 387 1995 indoles
411 1930 522 2012 hymni
546 1927 710 1995 indicatur
727 1927 761 2016 ⁹).

422 2124 455 2209 2)
480 2123 538 2190 De
570 2122 795 2190 Theocriti
829 2123 1018 2189 carmine
1051 2122 1157 2190 XXV.

306 2280 357 2346 De
393 2285 572 2349 auctore
590 2282 616 2368 3)
647 2285 745 2349 huius
777 2282 930 2348 carminis
955 2282 1086 2348 codices
1110 2281 1193 2347 nihil
1216 2281 1377 2366 produnt;

197 2405 314 2454 nomen
350 2389 434 2456 enim
459 2391 626 2457 Theocriti
656 2392 764 2457 nullus
800 2392 903 2457 codex
936 2391 1070 2457 exhibet
1105 2394 1240 2471 praeter
1271 2390 1306 2456 M
1342 2398 1378 2458 et

196 2497 287 2563 codd.
312 2497 389 2564 inde
413 2498 604 2583 descriptos,
637 2519 770 2581 quorum
800 2500 981 2568 auctoritas
1012 2501 1101 2566 nulla
1125 2503 1177 2566 est
1201 2497 1254 2584 (ci.
1277 2499 1380 2566 Prinz

196 2601 252 2668 Il.
276 2623 305 2684 p.
329 2605 398 2685 71).
444 2605 556 2686 Neque
580 2627 629 2690 ea,
653 2625 735 2687 quae
758 2607 904 2672 Brinker
927 2608 959 2693 (l.
983 2607 1001 2672 l.
1018 2627 1049 2687 p.
1066 2607 1211 2691 64-69)
1229 2611 1263 2671 et
1279 2606 1380 2672 Prinz

197 2711 231 2795 (l.
256 2712 276 2778 l.
299 2732 330 2793 p.
356 2713 399 2782 94
431 2715 512 2794 sqq.)
548 2718 751 2799 attulerunt,
783 2723 820 2783 ut
852 2716 1063 2782 Theocritum
1098 2717 1267 2781 auctorem
1303 2732 1377 2781 esse

195 2816 418 2900 ostenderent,
452 2821 520 2883 tam
544 2825 745 2904 certarunt,
779 2825 816 2886 ut
851 2823 899 2888 eis
934 2821 1123 2886 innitamur.
1171 2818 1236 2885 Sed
1272 2817 1377 2886 etiam

197 2939 311 2988 eorum
335 2926 537 3008 argumenta,
561 2925 614 3003 qui
638 2925 837 2992 contrarium
857 2925 1083 2991 demonstrare
1108 2923 1314 3004 studuerunt,
1332 2924 1375 2988 le·

197 3030 256 3096 via
279 3031 358 3097 mihi
382 3032 561 3099 videntur·
599 3033 711 3114 Neque
736 3035 822 3100 enim
846 3053 887 3100 ex
911 3052 958 3115 eo,
982 3033 1065 3113 quod
1089 3051 1222 3098 carmen
1246 3034 1280 3097 in
1304 3032 1371 3098 cod

194 3135 267 3200 Pat.
292 3136 406 3202 ultimo
430 3137 501 3202 loco
536 3138 678 3218 positum
713 3141 765 3205 est
787 3147 829 3220 (v.
853 3140 991 3220 Absens,
1030 3139 1144 3204 Philet.
1167 3136 1321 3201 XXXIII
1344 3156 1375 3218 p.

198 3245 266 3312 416
291 3249 327 3310 et
349 3246 438 3332 594),
473 3245 645 3327 quidquam
678 3248 790 3331 colligi
824 3252 935 3328 potest
960 3248 1026 3314 nisi
1050 3246 1136 3313 forte
1161 3248 1269 3328 opinio
1293 3247 1377 3328 eine,

196 3350 253 3430 qui
278 3351 419 3418 codicem
446 3351 597 3418 confecit.
644 3353 756 3434 Neque
779 3355 946 3438 intellego,
972 3352 1128 3434 quomodo
1152 3370 1194 3417 ex
1218 3371 1267 3436 ec,
1292 3351 1375 3432 quod

192 3455 385 3536 Apollonius
418 3458 588 3524 nonnullos
624 3459 748 3548 similes
779 3465 869 3526 locos
903 3461 1046 3541 exhibet,
1085 3463 1246 3539 appareat
1269 3458 1374 3524 Theo·

198 3561 318 3628 critum
342 3565 507 3630 auctorem
531 3583 595 3629 non
619 3583 692 3630 esse
710 3564 747 3650 ⁴).
806 3565 941 3632 Chrislii
977 3581 1102 3646 quoque
1131 3561 1373 3645 argumentatio

284 3807 305 3873 ¹)
323 3805 465 3862 Sita-Ber.
484 3811 508 3861 d.
527 3805 661 3880 plait-tim
677 3811 719 3863 lr'l.
734 3813 758 3863 d.
773 3810 858 3879 boyer.
872 3812 922 3864 Ab.
943 3811 1021 3876 1903,
1040 3810 1106 3862 iaso.
1126 3810 1177 3872 Ill,
1197 3828 1222 3878 p.
1239 3810 1289 3861 381
1309 3823 1368 3879 sqq.

283 3883 304 3953 ⁸)
324 3886 439 3940 Carmen
457 3888 549 3942 XXIV
568 3889 655 3943 adhuc
674 3892 708 3943 ad
727 3891 872 3943 Herculem
892 3895 1017 3956 spectare
1038 3894 1165 3956 putatum
1184 3892 1269 3953 esta
1294 3889 1370 3941 Chri-

193 3961 248 4014 stio
269 3965 470 4020 adAlrmenam
484 3967 610 4021 refertur.
651 3970 726 4034 Quae
746 3969 883 4023 sententia
902 3969 1012 4022 etiamsi
1032 3983 1096 4021 vera
1116 3971 1197 4034 esset,
1216 3972 1309 4021 tannen
1328 3970 1372 4023 vel

193 4057 228 4095 ex
248 4058 288 4109 eo,
308 4046 380 4109 quod
400 4046 512 4114 plurimi
532 4048 613 4101 aliter
632 4055 785 4113 senserunt,
813 4053 961 4117 appareret
978 4063 1091 4104 carmen
1118 4049 1151 4101 ab
1171 4048 1270 4114 hymno
1289 4049 1372 4116 longo

192 4121 304 4187 abesse;
333 4141 396 4177 nam
415 4126 443 4178 id
462 4125 557 4192 utique
577 4127 729 4196 flagitatur,
761 4132 793 4180 ut
812 4143 844 4180 ex
875 4128 975 4194 hymno
995 4129 1067 4180 clare
1086 4127 1279 4196 perspiciatur,
1308 4128 1371 4194 quis

192 4201 355 4258 celebretur.

285 4281 305 4349 ³)
326 4282 483 4337 Sententiae
503 4283 625 4337 virorum
645 4285 788 4339 doctorum
808 4286 925 4340 contudit
943 4287 1034 4354 Prinn,
1066 4289 1168 4352 Qoueat.
1188 4292 1219 4344 de
1241 4290 1372 4342 Theocriti

189 4375 216 4412 c.
236 4359 317 4413 XXV
333 4370 357 4414 et
376 4362 476 4416 linarii
494 4381 515 4416 c.
536 4363 579 4415 11⁷
596 4365 678 4430 (Dias.
696 4367 760 4436 plu'l.
785 4366 858 4420 Virri.
879 4367 913 4435 V)
933 4383 958 4433 p.
978 4367 1013 4420 68
1032 4383 1071 4434 sq.

245 4439 269 4506 4)
288 4441 703 4510 HocvoluntKnaacktP.·ll'.R.
714 4445 805 4500 11129
826 4446 1082 4517 etSusemihl(Jt.f.
1093 4449 1139 4503 Pb.
1149 4451 1368 4520 1531138311).
