3306 5076
784 1285 927 1367 Caput
957 1284 1004 1350 11.

683 1423 738 1492 lle
763 1421 924 1510 singulis
949 1425 1108 1513 epyllils.

347 1703 354 1712 .
418 1621 471 1686 Ex
495 1619 553 1702 eis,
576 1637 658 1700 quae
682 1619 774 1686 modo
798 1619 949 1702 disserui,
981 1621 1061 1688 nihil
1084 1620 1218 1687 obstare
1242 1623 1391 1702 apparet,
1413 1635 1505 1698 quo·-

265 1805 266 1810 ,
303 1734 418 1800 minus
454 1735 565 1799 aetate
589 1731 812 1797 Alexandrina
845 1732 967 1814 epyllia
990 1751 1054 1798 non
1079 1733 1182 1798 solum
1206 1739 1284 1800 ante
1308 1729 1494 1810 discidiumr

308 1845 370 1911 sed
405 1845 505 1911 etiam
539 1846 617 1910 ante
651 1851 799 1925 tempora
823 1844 1013 1910 Callimachi
1046 1849 1080 1910 et
1113 1844 1279 1912 Theocriti
1311 1841 1494 1923 composita
1546 1860 1551 1868 ·

308 1975 386 2023 esse
421 1956 628 2022 arbitremur.
689 1955 735 2020 Et
767 1953 913 2036 profecto
949 1955 1014 2020 iam
1037 1955 1185 2022 Philetas
1216 1957 1280 2022 hoc
1307 1955 1341 2019 in
1364 1970 1493 2036 genere

308 2049 474 2134 versatus
504 2086 578 2133 esse
610 2066 741 2133 videtur
759 2069 791 2149 ¹)⁴
847 2067 959 2147 Neque
994 2066 1214 2134 demonstrari
1249 2069 1359 2150 potest
1394 2064 1502 2158 Calli--

308 2176 460 2240 maehum
492 2176 684 2256 aequalibus
720 2175 840 2239 Hecale
873 2175 965 2256 quasi
989 2176 1076 2242 viam
1100 2176 1294 2243 ostendisse.
1350 2173 1489 2240 Omnino

308 2285 390 2351 ordo
414 2286 619 2369 epylliorum
643 2305 724 2366 quae
748 2287 875 2367 quidem
899 2306 919 2351 a
939 2288 1047 2372 poetis
1064 2288 1256 2368 aequalibus
1273 2288 1395 2368 scripta
1412 2286 1501 2365 sint.

309 2397 459 2463 incertus
493 2404 554 2464 est.
579 2399 694 2477 ltaque
727 2417 791 2463 non
825 2400 981 2478 temporis
1006 2398 1118 2464 ordine
1143 2405 1285 2481 servato,
1320 2397 1379 2464 sed
1414 2397 1498 2462 aliis-

308 2504 494 2570 rationibus
519 2508 636 2570 ductus
661 2506 783 2588 epyllia
806 2505 1026 2571 dinumerabo.

570 2829 589 2884 l.
610 2829 664 2884 De
686 2829 743 2886 els
764 2825 916 2896 epyuus,
937 2843 1038 2897 quae
1059 2832 1219 2892 exstant.

530 2967 563 3053 1)
586 2969 642 3034 De
675 2969 884 3035 Theocriti
917 2969 1100 3035 carmine
1134 2970 1273 3037 XXIV.

420 3111 559 3176 Carmen
582 3109 697 3174 XXIV
720 3111 942 3177 Theocriti
966 3129 1040 3176 esse
1065 3112 1130 3176 etsi
1154 3131 1171 3177 e
1196 3110 1361 3177 codicibus
1378 3109 1491 3191 colligi

310 3222 434 3303 nequit,
457 3228 567 3287 tamen
592 3223 723 3289 scholiis
746 3222 838 3288 Pind.
855 3223 946 3288 Nem.
971 3222 1047 3286 155
1064 3227 1099 3288 et
1113 3223 1215 3303 Apoll.
1232 3224 1310 3306 Arg.
1326 3222 1343 3286 Ι
1362 3221 1447 3290 1077
1461 3219 1495 3306 ²)
1526 3267 1530 3280 .

310 3333 396 3399 satis
429 3333 673 3413 comprobatum
708 3353 812 3414 neque
837 3335 992 3400 abhorret
1008 3354 1139 3400 carmen
1163 3336 1204 3399 ab
1228 3335 1361 3418 ingenio
1385 3334 1494 3401 Theo-

313 3438 421 3504 criteo
446 3437 498 3522 (cf.
523 3438 668 3504 Brinher
692 3440 711 3506 l.
736 3440 754 3505 l.
780 3460 808 3521 p.
833 3441 986 3525 61-63).
1009 3476 1054 3489 -
1080 3440 1131 3506 De
1156 3439 1393 3507 condicione
1417 3457 1491 3505 car·

310 3542 409 3606 minis
444 3541 594 3610 diversae
627 3545 811 3611 sententiae
846 3545 994 3630 prolatae
1029 3548 1113 3610 sunt.
1169 3545 1241 3626 Ego
1282 3545 1358 3625 quid
1382 3545 1423 3610 de
1447 3561 1494 3609 ea

311 3647 465 3729 cogitem,
500 3648 548 3713 ita
584 3648 763 3731 explicabo,
799 3651 836 3713 ut
869 3649 1067 3715 sententiam
1090 3650 1273 3732 Rannowii‚
1305 3650 1359 3730 qui
1383 3667 1494 3730 nuper

311 3750 448 3816 uberius
472 3752 512 3818 de
535 3754 594 3819 hoc
618 3754 760 3819 carmine
789 3752 970 3834 disputavit
987 3753 1034 3840 Β),
1057 3756 1247 3820 examinem.
1305 3756 1408 3819 Putat
1434 3773 1489 3820 au-

309 3857 380 3920 tem
404 3855 552 3924 Rannow
575 3857 784 3924 Theocritum
819 3863 889 3924 tres
925 3857 1078 3922 carminis
1106 3863 1219 3939 partes
1244 3857 1384 3923 diversis
1408 3862 1500 3923 tem--

311 3961 447 4042 poribus
465 3960 639 4041 scripsisse
656 3965 708 4026 ‘eo
726 3960 870 4043 consilio,
894 3963 932 4027 ut
947 3964 1085 4042 posthac
1102 3964 1200 4030 etiam
1225 3963 1290 4028 alia
1312 3971 1489 4030 assereret.

295 4136 526 4156 ῤ--ι-

401 4241 427 4310 ¹s‘
445 4242 487 4294 De
506 4241 556 4294 hac
575 4256 605 4294 re
623 4240 696 4294 inira
715 4243 753 4312 (p.
773 4242 830 4310 29.)

403 4328 426 4396 ¹)
446 4329 541 4395 Locos,
560 4329 607 4382 nbi
627 4330 789 4384 Theocritus
807 4331 945 4400 laudatur,
965 4333 1077 4402 collegit
1095 4334 1247 4404 Fritzsche,
1267 4337 1307 4390 ed.
1325 4336 1408 4403 11¹1).
1427 4334 1496 4387 150„
1629 4379 1630 4410 3

404 4417 425 4487 ⁸)
444 4417 666 4486 retrolapsos
683 4418 741 4472 rou.
766 4419 871 4487 curren,
891 4422 969 4489 1900,
989 4438 1013 4490 p.
1034 4423 1148 4478 as-aa.
1629 4413 1630 4429 ¹
