3306 5076
667 379 839 447 ..27-

168 557 415 625 demonstravit.
462 554 524 634 Qui
548 556 623 622 inde
647 557 807 622 conclusit
829 558 890 623 hoc
916 554 1076 641 (p.103):
1107 557 1215 641 ‘poeta
1241 555 1347 638 igitur

90 671 98 680 '
170 685 242 730 cum
281 664 421 744 aliquam
455 662 599 729 fortasse
634 665 815 746 Augeidem
847 663 987 730 condere
1011 664 1045 728 in
1069 663 1174 728 animo
1198 664 1346 742 haberet,

169 773 273 858 primo
305 770 478 836 nonnullas
512 774 624 857 partes
650 771 839 856 composuit,
866 770 976 855 prouti
999 769 1154 848 cuiusque
1178 769 1346 835 suavitate

170 878 385 958 invitabatur,
409 878 511 942 totius
535 877 689 943 carminis
709 875 946 962 perfectionem
970 876 1028 940 alii
1043 877 1182 962 tempori
1198 875 1346 941 commis·

173 983 295 1051 surus’.
343 964 387 1049 At
419 985 518 1050 miror
540 973 754 1050 Ran'nowium
778 983 951 1048 Theocrito
973 984 1098 1048 tantam
1125 983 1346 1048 temeritatem

170 1091 351 1173 iniungere.
396 1089 508 1170 Neque
532 1090 617 1176 enim
641 1089 785 1156 arbitror
801 1091 863 1156 281
890 1107 1044 1156 versuum
1068 1107 1199 1154 carmen
1214 1091 1346 1171 poetam

171 1197 220 1262 ita
256 1197 418 1278 scribere,
457 1199 511 1277 31,
557 1195 586 1261 31
630 1195 755 1275 333313
790 1199 904 1276 partes
941 1195 1121 1279 diligenter
1159 1197 1346 1264 elaboratas

174 1301 227 1383 (31.
251 1303 290 1369 R.
313 1323 343 1384 p.
370 1304 447 1388 102>
471 1303 504 1366 in
528 1321 626 1366 unum
651 1321 768 1384 corpus
792 1303 922 1382 plenum
944 1306 978 1367 et
994 1304 1177 1369 absolutum
1194 1304 1347 1386 redigere

172 1410 325 1490 voluerit,
348 1409 435 1475 haud
457 1428 564 1488 pauca
588 1410 621 1474 in
646 1411 704 1490 eis,
727 1427 809 1488 quae
834 1409 1023 1492 singulatim
1049 1407 1246 1490 confecerat,
1282 1427 1347 1473 mu·

172 1522 246 1581 tare
270 1521 403 1582 coactus
440 1515 484 1580 sit
507 1513 560 1596 (cf.
584 1516 622 1580 R.
646 1535 676 1596 p.
704 1516 790 1601 103).
846 1513 937 1594 Quae
971 1514 1183 1580 difficultates
1217 1522 1348 1597 poetam

174 1618 292 1695 133313.
316 1641 379 1687 333
403 1625 589 1703 potuerunt.
636 1623 761 1688 Censeo
785 1623 888 1706 igitur
914 1640 1044 1686 carmen
1061 1620 1245 1703 perlectum
1268 1641 1352 1704 esse,

173 1728 239 1794 nisi
270 1728 352 1808 quod
382 1730 512 1794 initium
541 1730 640 1811 periit
658 1730 693 1816 ¹).
752 1731 863 1809 Neque
898 1728 1091 1794 incredibile
1119 1732 1197 1809 puto
1221 1733 1352 1809 poetam

176 1853 278 1902 versu
313 1836 375 1900 281
411 1855 540 1904 carmen
575 1840 779 1905 terminasse.
835 1837 992 1901 Fabulam
1030 1837 1115 1900 enim
1149 1836 1213 1901 sibi
1241 1836 1354 1917 elegit,

179 1959 242 2020 qua
265 1942 354 2008 vitae
390 1945 533 2010 rusticae
558 1943 794 2011 describendae
828 1943 859 2007 ei
884 1943 962 2007 data
986 1948 1059 2007 erat
1083 1943 1221 2025 occasio,
1246 1943 1350 2022 ipsam

177 2065 246 2112 rem
270 2049 356 2130 apud
379 2050 519 2132 Augiam
542 2057 671 2134 gestam
694 2069 831 2116 3311313
857 2050 926 2114 3133
952 2067 1014 2113 333
1038 2047 1199 2113 interfuit.
1258 2050 1357 2115 Hanc

177 2157 292 2234 utpote
317 2155 447 2220 minime
472 2161 589 2238 aptam,
614 2175 695 2236 quae
714 2158 904 2237 exponatur,
932 2155 1051 2220 leviter
1067 2153 1253 2232 3131113313
1272 2154 1356 2220 33113

96 2327 97 2332 ,
179 2259 296 2324 habuit
319 2259 379 2344 (vs,
407 2263 492 2342 114),
515 2267 550 2328 et
573 2282 631 2343 pro
656 2281 696 2326 ea
719 2262 815 2327 aliam
839 2261 983 2325 fabulam
1019 2261 1138 2325 studiis
1173 2262 1355 2341 aequalium

178 2366 285 2448 magis
301 2367 574 2433 accommodatam
597 2370 714 2448 posuit.
760 2369 829 2433 Iam
845 2371 958 2448 partes
982 2369 1051 2434 Iet
1072 2369 1108 2432 11
1131 2368 1172 2433 ad
1198 2368 1356 2432 Herculis

182 2491 253 2537 cum
290 2473 382 2540 leone
417 2475 591 2540 Nemeaeo¹
615 2493 757 2556 pugnam
784 2473 919 2538 tendere
937 2474 959 2556 Ω)
996 2473 1158 2540 docuitG.
1183 2474 1353 2538 llormanu

178 2582 249 2668 (Op.
274 2581 358 2646 VIII
381 2601 411 2661 p.
437 2582 523 2660 311).
571 2585 679 2662 Atque
703 2582 751 2646 nti
773 2583 872 2661 poeta
895 2580 983 2644 inter
1007 2581 1155 2663 singulas
1171 2583 1284 2662 partes
1303 2599 1353 2662 ea,

181 2708 263 2768 quae
297 2693 443 2753 tractare
479 2689 511 2754 ei
545 2707 606 2754 non
641 2688 770 2769 placuit,
804 2687 962 2752 audacter
995 2706 1033 2752 ac
1060 2691 1209 2768 prompte
1237 2687 1359 2768 omisit,

178 2796 228 2859 ita
264 2813 336 2860 eum
372 2797 406 2858 in
442 2796 584 2861 carmine
620 2798 760 2860 exeunte
792 2795 943 2860 similitor
969 2795 1078 2876 egisse
1101 2794 1270 2879 probabile
1295 2800 1356 2860 est.

182 2901 253 2980 Quo
278 2902 369 2968 modo
394 2921 583 2982 quamquem
607 2903 767 2966 unitatem
791 2901 945 2967 carminis
968 2899 1119 2986 perdidit,
1142 2905 1253 2966 tamen
1274 2903 1360 2966 haec

181 3009 329 3090 audacia,
353 3028 417 3088 qua
438 3009 638 3082 narrationis
661 3012 775 3074 tenore
799 3008 982 3092 interrupto
1002 3013 1137 3073 nostrae
1161 3008 1282 3073 aetatis
1307 3027 1356 3072 ra·

178 3116 301 3180 tionem
337 3117 511 3200 antecepit,
546 3135 663 3199 magno
698 3123 796 3201 poeta
830 3114 964 3196 indigna
1002 3114 1079 3179 mihi
1115 3133 1178 3180 uon
1213 3114 1358 3181 videtur.

195 3275 198 3280 .
287 3221 337 3287 Dc
361 3227 551 3304 tempore
576 3223 729 3289 carminis
753 3223 833 3287 nihil
854 3221 940 3286 certi
964 3224 1095 3287 constat
1126 3229 1148 3305 ).

178 3383 392 3394 ——-,-

275 3473 293 3538 Ι)
314 3471 417 3525 Versus
438 3471 532 3524 amissi
545 3487 613 3536 quae
628 3469 820 3534 continuerint,
834 3469 969 3522 incertum
988 3472 1038 3521 331.
1077 3468 1135 3520 Hoc
1147 3467 1270 3519 Rannow
1283 3470 1360 3519 13313

180 3565 303 3613 statuere
322 3560 390 3613 mihi
409 3561 532 3614 ridetur:
562 3560 718 3613 ‘Herculem
747 3575 801 3611 non
829 3559 938 3625 saepius
966 3558 1012 3609 sed
1037 3557 1120 3609 semel
1144 3555 1359 3609 331313113-

182 3653 371 3716 terrogantem
391 3651 548 3716 lingendum
568 3665 627 3702 3333
647 3649 706 3716 ipsa
723 3653 821 3716 poetae
835 3648 919 3700 verba
934 3647 1053 3700 clocent’.
1092 3647 1144 3700 Sed
1163 3660 1232 3710 quae
1246 3645 1359 3713 singula

180 3737 312 3790 Hercules
324 3739 493 3803 quaesiverit
503 3747 529 3791 et
541 3755 609 3810 quae
620 3742 763 3805 praeterea
776 3742 857 3804 poeta
870 3736 1040 3801 tractaverit,
1052 3735 1205 3801 disceptare
1217 3751 1270 3787 non
1283 3735 1357 3787 licet.

180 3827 275 3891 Neque
303 3831 395 3880 tamen
415 3828 563 3881 verisimile
592 3827 659 3880 mihi
682 3827 792 3880 videtur
810 3826 950 3894 regionem
969 3825 1135 3892 descriptam
1154 3824 1240 3876 fuisse
1260 3824 1305 3882 ¹cf.
1326 3825 1359 3876 lt.

180 3930 206 3981 p.
230 3916 287 3986 98),
307 3916 406 3982 quippe
426 3933 495 3982 quae
515 3917 587 3970 33313
607 3917 697 3969 verbis
718 3917 785 3969 33113
806 3915 984 3968 describatur.

272 4009 294 4068 ι)
315 3996 408 4070 Neque
436 4010 527 4059 331331
555 4007 582 4058 id
612 4006 670 4074 egit
697 4011 786 4072 poeta,
806 4010 838 4058 ut
856 4009 949 4071 partes
968 4003 1084 4071 primam
1104 4007 1132 4056 et
1151 4003 1265 4055 alteram
1284 4001 1361 4069 parti

179 4094 281 4146 tertiae
301 4095 444 4148 subiceret.

272 4183 764 4252 8)11331313Β11311311.11361)
792 4184 894 4237 iudicet
921 4199 1029 4237 carmen
1050 4182 1107 4236 sine
1139 4181 1220 4234 dubio
1241 4180 1361 4232 311133-

181 4272 251 4326 crito
272 4288 335 4326 sene
356 4271 489 4339 scriptum
508 4290 576 4340 3333,
597 4276 734 4342 pleneme
753 4275 835 4342 fugit.
872 4274 969 4327 Potius
989 4272 1114 4340 epyllion,
1135 4271 1159 4323 31
1179 4286 1195 4322 3
1214 4269 1360 4322 Theocrito

181 4363 364 4430 compositum
384 4368 434 4428 331,
454 4363 560 4417 iuvenis
594 4379 653 4417 3333
676 4381 736 4418 cum
758 4363 912 4419 Fritzeehio
935 4364 986 4434 qod.
1009 4364 1057 4416 11²
1077 4381 1103 4430 p.
1125 4361 1177 4415 166
1221 4358 1359 4412 existima·
