3306 5076
692 416 867 480 ..35.-

188 595 265 664 λους
291 593 417 666 metuit,
442 597 474 658 et
501 593 585 677 quod
610 597 693 662 olam
717 594 805 676 fugit
821 592 941 661 affectu
958 593 1132 671 occultato,
1155 590 1196 656 ad
1220 609 1288 657 rem
1306 607 1370 654 ma-

188 689 276 755 xime
300 685 467 769 quadrat
493 690 568 754 Alia
602 690 824 774 discrepantia
859 692 911 755 est
944 689 1041 769 haec,
1077 686 1161 772 quod
1184 686 1371 755 seeundum,

190 785 348 850 seh01itttu
375 785 523 853 Oenone
547 788 700 854 Paridem
725 787 856 871 quaerit
879 791 1137 867 προσενεγκοῦσα
1160 784 1196 846 τὰ
1214 785 1370 866 φάρμακα

191 877 277 958 apud
302 875 455 953 Quintum
481 883 627 964 ὂιζομένη
663 889 828 964 ..πυρῆς
857 882 1041 963 ἐπιβήμεναι
1079 880 1138 963 (Vs.
1173 877 1260 952 4411.
1309 875 1372 938 Re·

191 976 269 1044 stat.
292 979 329 1037 nt·
350 977 579 1056 gravissimum
612 980 850 1059 argumentum,
879 975 963 1058 quod
988 975 1202 1054 Kehmptzow
1225 971 1369 1036 Noackio

190 1072 352 1150 probante
388 1079 504 1139 eontra
532 1072 694 1138 Rohdium
729 1069 872 1152 profert,
896 1071 1087 1137 examinem.
1123 1068 1178 1133 ‘Si
1213 1061 1373 1146 poetam',

190 1164 308 1248 inquit,
332 1169 480 1240 ‘easdem
503 1185 558 1232 res
575 1173 785 1244 tractantem,
809 1185 891 1250 quas
914 1167 993 1247 ipse,
1017 1168 1096 1230 ante
1112 1165 1223 1230 oculos
1247 1163 1371 1228 babere

191 1263 332 1342 poterat,
357 1313 363 1324 .
389 1314 395 1326 .
420 1271 512 1329 certe
536 1281 600 1328 nou
624 1281 704 1343 opus
729 1265 802 1326 erat
826 1260 947 1339 Quinto
972 1261 1112 1326 salutem
1136 1263 1176 1324 ab
1200 1257 1372 1339 Apollonio

191 1353 319 1420 Rhodio
343 1363 467 1433 petere.
515 1358 610 1421 Hune
633 1376 712 1422 vero
749 1375 820 1421 cum
857 1361 971 1437 aperte
1007 1358 1181 1438 sequatur,
1204 1352 1374 1430 probabile

192 1450 270 1515 mibi
294 1450 332 1515 fit
355 1471 428 1517 eum
445 1453 567 1518 nullum
585 1453 683 1518 alium
699 1453 863 1533 poeticum
880 1450 1001 1515 iontem
1021 1447 1221 1532 inspexisse'
1246 1449 1289 1534 (p.
1307 1448 1376 1533 39).

194 1543 341 1611 Salutem
364 1553 454 1616 certe
479 1547 619 1626 Quintus
651 1568 714 1612 non
750 1549 790 1613 ab
823 1547 992 1642 Apollonio
1016 1546 1149 1626 petivit3
1179 1564 1253 1610 nam
1279 1543 1375 1610 ambo

193 1641 228 1705 in
253 1662 290 1707 eo
315 1648 441 1708 tantum
467 1645 651 1725 concinunt,
675 1645 760 1726 quod
783 1645 899 1707 mulier
920 1648 1014 1708 noctu
1031 1641 1072 1706 ad
1096 1647 1240 1707 amatum
1265 1641 1374 1706 virum

196 1756 379 1824 properans
416 1742 615 1821 conspicitur
650 1741 796 1819 aLuna,
832 1739 883 1804 cui
915 1738 1127 1820 Endymionis
1163 1738 1197 1802 in
1232 1741 1376 1803 mentem

193 1835 304 1912 venit3
328 1837 585 1901 misericordiam
611 1837 723 1901 erae
749 1838 870 1918 optimc
888 1837 1107 1910 excogitatam
1125 1831 1265 1911 Quintus
1290 1835 1376 1915 apud

198 1928 404 2007 Apollonium
439 1931 689 2017 haudquaquam
716 1931 907 1997 inveniebat
960 1930 1174 1996 Dubitaverit
1208 1929 1378 2014 quispiam,

199 2039 242 2085 an
265 2042 329 2088 non
358 2024 498 2102 Quintus
522 2028 597 2092 hnic
627 2027 666 2092 de
690 2027 810 2091 Paride
835 2026 1034 2106 Oenonaque
1065 2024 1248 2088 narrationi
1279 2043 1378 2108 quaa-

199 2117 272 2184 dam
297 2139 338 2184 ex
361 2122 530 2201 Apollonio
555 2124 674 2186 hausta
697 2121 925 2198 immiscuerit3
958 2138 1032 2183 num
1060 2137 1240 2200 properans
1265 2120 1376 2198 puella

203 2211 335 2279 fabulae
346 2217 449 2296 ipsius
466 2235 540 2281 esse
556 2218 695 2298 videtur,
713 2215 752 2281 cf.
769 2217 879 2280 Parth.
896 2215 946 2279 IV
962 2217 991 2278 6:
1008 2218 1156 2298 ἠπείγετο,
1173 2214 1280 2279 Conon
1319 2217 1376 2283 23:

201 2310 393 2394 ἐπειγομένη.
441 2313 561 2377 Cetera
585 2311 815 2377 Alexandrinis
845 2310 951 2390 poetis
984 2309 1069 2374 band
1098 2310 1234 2374 insolita
1270 2309 1375 2377 inisse

201 2414 364 2495 videntur,
389 2413 428 2481 ef.
442 2416 533 2482 Ovid.
551 2418 618 2483 her.
635 2417 733 2480 XVII
750 2418 792 2483 59
816 2435 894 2500 sqq,
924 2415 978 2480 ubi
994 2415 1147 2480 Leander
1171 2414 1212 2478 ad
1235 2420 1377 2480 amatam

201 2518 341 2598 puellam
365 2519 591 2602 profecturae,
626 2525 663 2585 ut
686 2521 945 2585 misericordiam
970 2521 1143 2599 impetret,
1177 2518 1303 2583 Lunam
1335 2519 1376 2584 de

204 2619 405 2703 Endymione
429 2626 583 2690 admonet
606 2624 659 2704 (ef.
685 2625 785 2706 epigr.
809 2625 999 2705 Philodami,
1024 2625 1113 2688 anth.
1139 2623 1206 2689 Pal.
1230 2623 1262 2684 V
1287 2623 1379 2709 123);

206 2733 241 2788 et
266 2726 349 2809 quod
373 2738 471 2808 poeta
494 2730 619 2794 Lunam
642 2729 780 2795 hominis
804 2730 1013 2794 miserentem
1037 2728 1142 2808 fingit,
1166 2727 1252 2792 haud
1275 2728 1372 2810 longe

203 2829 302 2894 abest
326 2832 365 2896 ab
390 2833 446 2897 illo
470 2833 587 2912 studio,
611 2853 672 2915 quo
697 2833 830 2898 adducti
854 2837 1003 2897 naturam
1028 2831 1255 2896 misericordia
1276 2832 1376 2898 homi·

208 2951 284 2998 num
310 2942 497 3002 commotam
521 2934 646 3003 faciunt
669 2935 723 3020 (cf.
746 2936 860 3002 Rohde
885 2936 905 3000 l.
926 2936 945 3000 l.
962 2956 991 3016 p.
1018 2937 1079 3000 159
1104 2938 1169 2999 not.
1196 2936 1236 3008 1).
1275 2934 1379 3012 Quam

202 3037 242 3102 ob
267 3057 344 3121 rem,
369 3040 397 3103 si
421 3039 626 3105 necessitudo
650 3040 738 3106 inter
761 3043 873 3105 ambas
897 3040 1103 3104 narrationes
1121 3039 1301 3103 statuenda
1317 3045 1380 3121 est,

201 3142 285 3207 malo
309 3148 425 3224 putare
450 3163 521 3208 eam
544 3145 632 3208 inter
655 3145 858 3224 Apollonium
883 3151 917 3208 et
941 3143 1094 3207 carminis
1117 3143 1280 3207 incertum
1303 3162 1379 3208 airc-

203 3249 309 3310 torem
335 3247 589 3312 Alexandrinum
614 3249 829 3313 intercedere.
878 3247 943 3312 Sed
980 3247 1109 3312 etiamsi
1134 3245 1274 3324 Quintus
1307 3248 1380 3334 ipse

202 3352 264 3416 hoe
288 3352 358 3416 loco
382 3353 586 3436 Apollonium
605 3353 762 3433 adhibuit,
786 3356 880 3418 estne
904 3353 966 3416 hoc
988 3355 1056 3416 tam
1073 3352 1264 3432 inauditum,
1287 3371 1379 3436 prae·

204 3457 320 3522 sertim
338 3457 366 3521 si
382 3458 457 3521 aliis
474 3457 554 3521 loeis
568 3457 703 3521 eundem
719 3459 850 3534 secutus
869 3461 920 3520 est
937 3457 1162 3541 (Kahmptzow
1178 3476 1206 3540 p.
1221 3458 1261 3520 31
1277 3457 1380 3541 sqql?

202 3561 305 3640 Quasi
329 3580 408 3628 vero
432 3562 539 3647 poetis
563 3580 626 3626 non
650 3562 747 3625 liceat
772 3560 979 3645 complurium
998 3561 1176 3625 carminum
1196 3561 1284 3626 locos
1308 3561 1378 3625 imi·

204 3668 278 3732 tari.
327 3667 500 3749 Utcunque
525 3683 632 3730 resse
656 3666 765 3746 habet,
781 3665 899 3729 Rohdii
917 3665 1114 3729 sententiaa
1130 3664 1380 3749 Kohmptzowio

203 3791 267 3838 non
293 3780 345 3836 est
368 3770 579 3837 labefactata.
613 3807 656 3818 —
691 3768 860 3847 Quatenus
885 3767 1024 3846 Quintus
1056 3769 1236 3853 exemplum
1260 3769 1380 3834 incerti

210 3878 357 3942 auctoris
394 3880 526 3942 secutus
571 3875 627 3955 sit,
674 3873 801 3938 definiri
836 3893 899 3939 non
933 3877 1051 3958 potest.
1097 3873 1211 3956 Neque
1248 3875 1381 3955 seimus,

203 3984 313 4046 utrum
338 3981 484 4045 narratio
502 3979 654 4044 carminis
671 3978 884 4042 Alexandrini
901 3979 977 4043 inde
995 3978 1125 4043 initium
1141 3977 1275 4062 ceperit,
1291 3979 1379 4042 unde

205 4083 328 4166 Quinc,
353 4105 395 4150 an
418 4085 452 4149 in
475 4085 529 4150 illo
554 4103 608 4149 res
632 4092 709 4148 ante
733 4081 863 4147 Paridis
887 4083 952 4146 iter
968 4086 1123 4147 narratae
1140 4079 1273 4164 luerint,
1298 4101 1380 4162 quas

206 4189 348 4268 Quintus
373 4191 423 4254 sui
448 4189 602 4254 carminis
626 4187 739 4253 ordine
764 4193 897 4252 coaetus
913 4188 1030 4252 omisit.
1069 4186 1265 4253 Universum
1289 4193 1380 4252 certe

203 4295 365 4378 poematis
390 4294 655 4380 compositionem
670 4291 824 4370 Quintum
847 4296 1028 4359 mutuatum
1047 4311 1120 4359 esse
1141 4295 1276 4377 propter
1292 4293 1380 4358 illam

202 4399 474 4466 vaticinationem
497 4399 656 4465 intextam
681 4397 839 4464 existimo.
