<?xml version="1.0" encoding="UTF-8"?>
<!DOCTYPE html PUBLIC "-//W3C//DTD XHTML 1.0 Transitional//EN"
    "http://www.w3.org/TR/xhtml1/DTD/xhtml1-transitional.dtd">
<html xmlns="http://www.w3.org/1999/xhtml" xml:lang="en" lang="en">
 <head>
  <title>
</title>
<meta http-equiv="Content-Type" content="text/html;charset=utf-8" />
  <meta name='ocr-system' content='tesseract 3.04.00' />
  <meta name='ocr-capabilities' content='ocr_page ocr_carea ocr_par ocr_line ocrx_word'/>
</head>
<body>
  <div class='ocr_page' id='page_1' title='image "./deepyllioalexan00heumgoog_0017.png"; bbox 0 0 3306 5076; ppageno 0'>
   <div class='ocr_carea' id='block_1_1' title="bbox 790 494 981 561">
    <p class='ocr_par' dir='ltr' id='par_1_1' title="bbox 790 494 981 561">
     <span class='ocr_line' id='line_1_1' title="bbox 790 494 981 561; baseline 0.016 -22"><span class='ocrx_word' id='word_1_1' title='bbox 790 494 981 561; x_wconf 70' lang='grc'><strong>,12-</strong></span> 
     </span>
    </p>
   </div>
   <div class='ocr_carea' id='block_1_2' title="bbox 287 662 1477 756">
    <p class='ocr_par' dir='ltr' id='par_1_2' title="bbox 287 662 1477 756">
     <span class='ocr_line' id='line_1_2' title="bbox 287 662 1477 756; baseline 0.013 -28"><span class='ocrx_word' id='word_1_2' title='bbox 287 662 339 728; x_wconf 82' lang='lat' dir='ltr'><strong>ad</strong></span> <span class='ocrx_word' id='word_1_3' title='bbox 361 669 506 730; x_wconf 87' lang='lat' dir='ltr'><strong>nostram</strong></span> <span class='ocrx_word' id='word_1_4' title='bbox 530 667 570 733; x_wconf 84' lang='lat' dir='ltr'><strong>de</strong></span> <span class='ocrx_word' id='word_1_5' title='bbox 587 667 724 733; x_wconf 89' lang='lat' dir='ltr'><strong>discidio</strong></span> <span class='ocrx_word' id='word_1_6' title='bbox 741 670 970 748; x_wconf 85' lang='lat' dir='ltr'><strong>quaestionem</strong></span> <span class='ocrx_word' id='word_1_7' title='bbox 982 671 1222 740; x_wconf 89' lang='lat' dir='ltr'><strong>diiudicandam</strong></span> <span class='ocrx_word' id='word_1_8' title='bbox 1239 681 1291 740; x_wconf 88' lang='lat' dir='ltr'><strong>est</strong></span> <span class='ocrx_word' id='word_1_9' title='bbox 1306 675 1375 756; x_wconf 83' lang='lat' dir='ltr'><strong>hoc,</strong></span> <span class='ocrx_word' id='word_1_10' title='bbox 1392 677 1477 756; x_wconf 88' lang='lat' dir='ltr'><strong>quod</strong></span> 
     </span>
    </p>
   </div>
   <div class='ocr_carea' id='block_1_3' title="bbox 296 770 1477 941">
    <p class='ocr_par' dir='ltr' id='par_1_3' title="bbox 296 770 1477 941">
     <span class='ocr_line' id='line_1_3' title="bbox 296 770 1477 938; baseline 0.011 -105"><span class='ocrx_word' id='word_1_11' title='bbox 296 770 404 938; x_wconf 45' lang='lat' dir='ltr'><strong>tribus</strong></span> <span class='ocrx_word' id='word_1_12' title='bbox 439 770 518 836; x_wconf 86' lang='lat' dir='ltr'><strong>vitis</strong></span> <span class='ocrx_word' id='word_1_13' title='bbox 563 772 777 854; x_wconf 79' lang='lat' dir='ltr'><strong>comperimus</strong></span> <span class='ocrx_word' id='word_1_14' title='bbox 815 775 1019 856; x_wconf 78' lang='lat' dir='ltr'><strong>Apollonium</strong></span> <span class='ocrx_word' id='word_1_15' title='bbox 1054 776 1247 859; x_wconf 92' lang='lat' dir='ltr'><strong>discipulum</strong></span> <span class='ocrx_word' id='word_1_16' title='bbox 1284 779 1477 847; x_wconf 84' lang='lat' dir='ltr'>Callimachi</span> 
     </span>
     <span class='ocr_line' id='line_1_4' title="bbox 314 893 412 941; baseline -0.01 -1"><span class='ocrx_word' id='word_1_17' title='bbox 314 893 412 941; x_wconf 82' lang='lat' dir='ltr'><strong>uisse.</strong></span> 
     </span>
    </p>
   </div>
   <div class='ocr_carea' id='block_1_4' title="bbox 405 983 1474 1070">
    <p class='ocr_par' dir='ltr' id='par_1_4' title="bbox 405 983 1474 1070">
     <span class='ocr_line' id='line_1_5' title="bbox 405 983 1474 1070; baseline 0.006 -23"><span class='ocrx_word' id='word_1_18' title='bbox 405 983 639 1049; x_wconf 81' lang='lat' dir='ltr'><strong>Testimonium</strong></span> <span class='ocrx_word' id='word_1_19' title='bbox 655 984 902 1050; x_wconf 84' lang='lat' dir='ltr'><strong>inimicitiarum</strong></span> <span class='ocrx_word' id='word_1_20' title='bbox 928 986 1117 1052; x_wconf 84' lang='lat' dir='ltr'><strong>Callimachi</strong></span> <span class='ocrx_word' id='word_1_21' title='bbox 1134 1001 1167 1054; x_wconf 86' lang='lat' dir='ltr'><strong>et</strong></span> <span class='ocrx_word' id='word_1_22' title='bbox 1182 989 1345 1070; x_wconf 87' lang='lat' dir='ltr'><strong>Apollonii</strong></span> <span class='ocrx_word' id='word_1_23' title='bbox 1361 989 1474 1054; x_wconf 89' lang='lat' dir='ltr'><strong>multis</strong></span> 
     </span>
    </p>
   </div>
   <div class='ocr_carea' id='block_1_5' title="bbox 200 1086 1477 1175">
    <p class='ocr_par' dir='ltr' id='par_1_5' title="bbox 200 1086 1477 1175">
     <span class='ocr_line' id='line_1_6' title="bbox 200 1086 1477 1175; baseline 0 -19"><span class='ocrx_word' id='word_1_24' title='bbox 200 1101 204 1107; x_wconf 86' lang='grc'><em>“</em></span> <span class='ocrx_word' id='word_1_25' title='bbox 297 1087 378 1156; x_wconf 90' lang='lat' dir='ltr'><strong>viris</strong></span> <span class='ocrx_word' id='word_1_26' title='bbox 402 1086 505 1155; x_wconf 85' lang='lat' dir='ltr'><strong>doctis</strong></span> <span class='ocrx_word' id='word_1_27' title='bbox 548 1107 621 1154; x_wconf 89' lang='lat' dir='ltr'><strong>csse</strong></span> <span class='ocrx_word' id='word_1_28' title='bbox 654 1089 787 1154; x_wconf 86' lang='lat' dir='ltr'><strong>videtur</strong></span> <span class='ocrx_word' id='word_1_29' title='bbox 814 1090 1054 1173; x_wconf 82' lang='lat' dir='ltr'><strong>epigramma</strong></span> <span class='ocrx_word' id='word_1_30' title='bbox 1072 1095 1331 1158; x_wconf 79' lang='grc' dir='ltr'><strong><em>Ἀπολλωνίου</em></strong></span> <span class='ocrx_word' id='word_1_31' title='bbox 1367 1117 1477 1175; x_wconf 81' lang='grc' dir='ltr'><em>γραμ-</em></span> 
     </span>
    </p>
   </div>
   <div class='ocr_carea' id='block_1_6' title="bbox 293 1193 1477 2538">
    <p class='ocr_par' dir='ltr' id='par_1_6' title="bbox 293 1193 1477 2538">
     <span class='ocr_line' id='line_1_7' title="bbox 295 1193 1477 1280; baseline 0.005 -23"><span class='ocrx_word' id='word_1_32' title='bbox 295 1203 461 1276; x_wconf 79' lang='grc' dir='ltr'><strong><em>ματικοῦ</em></strong></span> <span class='ocrx_word' id='word_1_33' title='bbox 486 1195 586 1268; x_wconf 78' lang='lat' dir='ltr'><strong>(anth.</strong></span> <span class='ocrx_word' id='word_1_34' title='bbox 609 1193 678 1260; x_wconf 89' lang='lat' dir='ltr'><strong>Pal.</strong></span> <span class='ocrx_word' id='word_1_35' title='bbox 701 1195 750 1258; x_wconf 89' lang='lat' dir='ltr'><strong>XI</strong></span> <span class='ocrx_word' id='word_1_36' title='bbox 775 1195 870 1280; x_wconf 75' lang='lat'>275),</span> <span class='ocrx_word' id='word_1_37' title='bbox 894 1216 954 1277; x_wconf 88' lang='lat' dir='ltr'><strong>qno</strong></span> <span class='ocrx_word' id='word_1_38' title='bbox 978 1199 1190 1264; x_wconf 84' lang='lat' dir='ltr'><strong>vehementer</strong></span> <span class='ocrx_word' id='word_1_39' title='bbox 1222 1207 1319 1280; x_wconf 84' lang='lat' dir='ltr'><strong>atquo</strong></span> <span class='ocrx_word' id='word_1_40' title='bbox 1353 1197 1477 1263; x_wconf 90' lang='lat' dir='ltr'><strong>insulse</strong></span> 
     </span>
     <span class='ocr_line' id='line_1_8' title="bbox 297 1299 1476 1384; baseline 0.003 -21"><span class='ocrx_word' id='word_1_41' title='bbox 297 1299 512 1366; x_wconf 83' lang='lat' dir='ltr'><strong>Callimachus</strong></span> <span class='ocrx_word' id='word_1_42' title='bbox 554 1300 719 1366; x_wconf 88' lang='lat' dir='ltr'><strong>irridetur.</strong></span> <span class='ocrx_word' id='word_1_43' title='bbox 765 1301 926 1367; x_wconf 86' lang='lat' dir='ltr'><strong>Rhodium</strong></span> <span class='ocrx_word' id='word_1_44' title='bbox 959 1304 1165 1384; x_wconf 89' lang='lat' dir='ltr'><strong>Apollonium</strong></span> <span class='ocrx_word' id='word_1_45' title='bbox 1200 1311 1367 1370; x_wconf 89' lang='lat' dir='ltr'><strong>auctorem</strong></span> <span class='ocrx_word' id='word_1_46' title='bbox 1401 1319 1476 1367; x_wconf 86' lang='lat' dir='ltr'><strong>esse</strong></span> 
     </span>
     <span class='ocr_line' id='line_1_9' title="bbox 298 1404 1468 1492; baseline 0.001 -24"><span class='ocrx_word' id='word_1_47' title='bbox 298 1404 459 1469; x_wconf 88' lang='lat' dir='ltr'><strong>incertum</strong></span> <span class='ocrx_word' id='word_1_48' title='bbox 481 1408 581 1485; x_wconf 79' lang='lat' dir='ltr'><strong>puto,</strong></span> <span class='ocrx_word' id='word_1_49' title='bbox 614 1425 804 1486; x_wconf 88' lang='lat' dir='ltr'><strong>quamquam</strong></span> <span class='ocrx_word' id='word_1_50' title='bbox 827 1407 980 1472; x_wconf 87' lang='lat' dir='ltr'><strong>lemmate</strong></span> <span class='ocrx_word' id='word_1_51' title='bbox 1012 1411 1100 1474; x_wconf 87' lang='lat' dir='ltr'><strong>anth.</strong></span> <span class='ocrx_word' id='word_1_52' title='bbox 1123 1409 1192 1475; x_wconf 91' lang='lat' dir='ltr'><strong>Pal.</strong></span> <span class='ocrx_word' id='word_1_53' title='bbox 1217 1410 1320 1492; x_wconf 86' lang='lat' dir='ltr'><strong>epigr.</strong></span> <span class='ocrx_word' id='word_1_54' title='bbox 1343 1409 1408 1474; x_wconf 89' lang='lat' dir='ltr'><strong>VII</strong></span> <span class='ocrx_word' id='word_1_55' title='bbox 1431 1408 1468 1474; x_wconf 84' lang='lat'><strong>41</strong></span> 
     </span>
     <span class='ocr_line' id='line_1_10' title="bbox 294 1508 1477 1596; baseline 0.003 -24"><span class='ocrx_word' id='word_1_56' title='bbox 294 1508 342 1594; x_wconf 79' lang='lat' dir='ltr'><strong>(in</strong></span> <span class='ocrx_word' id='word_1_57' title='bbox 357 1510 525 1576; x_wconf 82' lang='lat' dir='ltr'><strong>Duebncri</strong></span> <span class='ocrx_word' id='word_1_58' title='bbox 539 1509 616 1576; x_wconf 85' lang='lat' dir='ltr'><strong>cdl</strong></span> <span class='ocrx_word' id='word_1_59' title='bbox 631 1531 662 1591; x_wconf 91' lang='lat' dir='ltr'><strong>p.</strong></span> <span class='ocrx_word' id='word_1_60' title='bbox 674 1511 754 1595; x_wconf 83' lang='lat'><strong>423)</strong></span> <span class='ocrx_word' id='word_1_61' title='bbox 767 1512 891 1576; x_wconf 87' lang='lat' dir='ltr'><strong>diserte</strong></span> <span class='ocrx_word' id='word_1_62' title='bbox 907 1513 1313 1596; x_wconf 69' lang='lat' dir='ltr'><strong>nominatur’Aaolinivroc</strong></span> <span class='ocrx_word' id='word_1_63' title='bbox 1329 1513 1477 1582; x_wconf 80' lang='grc' dir='ltr'><em>ὁῬόὸιος</em></span> 
     </span>
     <span class='ocr_line' id='line_1_11' title="bbox 296 1615 1474 1697; baseline 0.001 -19"><span class='ocrx_word' id='word_1_64' title='bbox 296 1616 316 1678; x_wconf 86' lang='grc' dir='ltr'>ὁ</span> <span class='ocrx_word' id='word_1_65' title='bbox 341 1617 467 1696; x_wconf 76' lang='grc' dir='ltr'><em>γράψας</em></span> <span class='ocrx_word' id='word_1_66' title='bbox 489 1616 526 1678; x_wconf 88' lang='grc' dir='ltr'><strong>τὰ</strong></span> <span class='ocrx_word' id='word_1_67' title='bbox 546 1617 786 1697; x_wconf 79' lang='grc' dir='ltr'><strong><em>Ἀργοναυτικά.</em></strong></span> <span class='ocrx_word' id='word_1_68' title='bbox 832 1615 928 1681; x_wconf 79' lang='lat' dir='ltr'><strong>Licet</strong></span> <span class='ocrx_word' id='word_1_69' title='bbox 953 1618 1061 1682; x_wconf 85' lang='lat' dir='ltr'><strong>scriba</strong></span> <span class='ocrx_word' id='word_1_70' title='bbox 1084 1619 1108 1683; x_wconf 82' lang='lat' dir='ltr'>O</span> <span class='ocrx_word' id='word_1_71' title='bbox 1138 1620 1199 1684; x_wconf 83' lang='lat' dir='ltr'><strong>hoc</strong></span> <span class='ocrx_word' id='word_1_72' title='bbox 1227 1637 1268 1682; x_wconf 82' lang='lat' dir='ltr'><strong>ex</strong></span> <span class='ocrx_word' id='word_1_73' title='bbox 1291 1617 1474 1697; x_wconf 75' lang='lat' dir='ltr'><strong>antiquiore</strong></span> 
     </span>
     <span class='ocr_line' id='line_1_12' title="bbox 298 1719 1473 1806; baseline -0.002 -20"><span class='ocrx_word' id='word_1_74' title='bbox 298 1719 389 1786; x_wconf 75' lang='lat' dir='ltr'><strong>fonte</strong></span> <span class='ocrx_word' id='word_1_75' title='bbox 403 1719 561 1800; x_wconf 79' lang='lat' dir='ltr'><strong>hauserit,</strong></span> <span class='ocrx_word' id='word_1_76' title='bbox 574 1723 611 1783; x_wconf 76' lang='lat' dir='ltr'><strong>ui</strong></span> <span class='ocrx_word' id='word_1_77' title='bbox 626 1719 654 1784; x_wconf 88' lang='lat' dir='ltr'>F</span> <span class='ocrx_word' id='word_1_78' title='bbox 656 1720 758 1784; x_wconf 79' lang='lat' dir='ltr'><strong>ihslcr</strong></span> <span class='ocrx_word' id='word_1_79' title='bbox 770 1722 866 1799; x_wconf 64' lang='lat' dir='ltr'><strong>(Krec</strong></span> <span class='ocrx_word' id='word_1_80' title='bbox 889 1721 1008 1788; x_wconf 73' lang='lat' dir='ltr'><strong>Uetere.</strong></span> <span class='ocrx_word' id='word_1_81' title='bbox 1024 1747 1081 1786; x_wconf 77' lang='lat' dir='ltr'><strong>zur·</strong></span> <span class='ocrx_word' id='word_1_82' title='bbox 1101 1723 1274 1788; x_wconf 79' lang='lat' dir='ltr'><strong>Gcschs&#39;cdic</strong></span> <span class='ocrx_word' id='word_1_83' title='bbox 1290 1726 1345 1787; x_wconf 79' lang='lat' dir='ltr'><strong>der</strong></span> <span class='ocrx_word' id='word_1_84' title='bbox 1360 1721 1473 1806; x_wconf 67' lang='lat' dir='ltr'><strong>griscia.</strong></span> 
     </span>
     <span class='ocr_line' id='line_1_13' title="bbox 297 1824 1473 1912; baseline -0.004 -21"><span class='ocrx_word' id='word_1_85' title='bbox 297 1828 395 1891; x_wconf 79' lang='lat' dir='ltr'><strong>Anii.</strong></span> <span class='ocrx_word' id='word_1_86' title='bbox 421 1845 450 1905; x_wconf 91' lang='lat' dir='ltr'><strong>p.</strong></span> <span class='ocrx_word' id='word_1_87' title='bbox 476 1825 553 1912; x_wconf 79' lang='lat'>153)</span> <span class='ocrx_word' id='word_1_88' title='bbox 577 1825 788 1904; x_wconf 70' lang='lat' dir='ltr'><strong>variamen</strong></span> <span class='ocrx_word' id='word_1_89' title='bbox 814 1826 957 1891; x_wconf 87' lang='lat' dir='ltr'><strong>lemmaii</strong></span> <span class='ocrx_word' id='word_1_90' title='bbox 974 1846 1124 1910; x_wconf 88' lang='lat' dir='ltr'><strong>magram</strong></span> <span class='ocrx_word' id='word_1_91' title='bbox 1147 1829 1243 1894; x_wconf 83' lang='lat' dir='ltr'><strong>iidem</strong></span> <span class='ocrx_word' id='word_1_92' title='bbox 1266 1824 1473 1892; x_wconf 79' lang='lat' dir='ltr'><strong>tribuendam</strong></span> 
     </span>
     <span class='ocr_line' id='line_1_14' title="bbox 298 1929 1471 2013; baseline -0.002 -17"><span class='ocrx_word' id='word_1_93' title='bbox 298 1949 373 1996; x_wconf 86' lang='lat' dir='ltr'><strong>csse</strong></span> <span class='ocrx_word' id='word_1_94' title='bbox 397 1937 574 2012; x_wconf 84' lang='lat' dir='ltr'><strong>propterea</strong></span> <span class='ocrx_word' id='word_1_95' title='bbox 597 1948 691 2010; x_wconf 80' lang='lat' dir='ltr'><strong>nego,</strong></span> <span class='ocrx_word' id='word_1_96' title='bbox 716 1929 799 2010; x_wconf 87' lang='lat' dir='ltr'><strong>quod</strong></span> <span class='ocrx_word' id='word_1_97' title='bbox 822 1929 977 1996; x_wconf 82' lang='lat' dir='ltr'><strong>facillime</strong></span> <span class='ocrx_word' id='word_1_98' title='bbox 1000 1931 1072 1997; x_wconf 84' lang='lat' dir='ltr'><strong>fieri</strong></span> <span class='ocrx_word' id='word_1_99' title='bbox 1095 1936 1234 2013; x_wconf 83' lang='lat' dir='ltr'><strong>poterat,</strong></span> <span class='ocrx_word' id='word_1_100' title='bbox 1257 1946 1295 1996; x_wconf 88' lang='lat' dir='ltr'><strong>ut</strong></span> <span class='ocrx_word' id='word_1_101' title='bbox 1310 1949 1471 2013; x_wconf 90' lang='lat' dir='ltr'><strong>gramma·</strong></span> 
     </span>
     <span class='ocr_line' id='line_1_15' title="bbox 293 2034 1472 2119; baseline -0.003 -17"><span class='ocrx_word' id='word_1_102' title='bbox 293 2037 381 2102; x_wconf 87' lang='lat' dir='ltr'><strong>tiens</strong></span> <span class='ocrx_word' id='word_1_103' title='bbox 399 2035 530 2116; x_wconf 78' lang='lat' dir='ltr'><strong>qiridam</strong></span> <span class='ocrx_word' id='word_1_104' title='bbox 561 2037 613 2101; x_wconf 83' lang='lat' dir='ltr'><strong>vel</strong></span> <span class='ocrx_word' id='word_1_105' title='bbox 640 2036 793 2102; x_wconf 87' lang='lat' dir='ltr'><strong>librarius</strong></span> <span class='ocrx_word' id='word_1_106' title='bbox 821 2036 1022 2118; x_wconf 77' lang='lat' dir='ltr'><strong>epigramma</strong></span> <span class='ocrx_word' id='word_1_107' title='bbox 1037 2037 1087 2101; x_wconf 88' lang='lat' dir='ltr'><strong>XI</strong></span> <span class='ocrx_word' id='word_1_108' title='bbox 1108 2039 1174 2106; x_wconf 76' lang='lat'><strong>275</strong></span> <span class='ocrx_word' id='word_1_109' title='bbox 1187 2037 1355 2119; x_wconf 84' lang='lat' dir='ltr'><strong>Apollonio</strong></span> <span class='ocrx_word' id='word_1_110' title='bbox 1388 2034 1472 2099; x_wconf 89' lang='lat' dir='ltr'><strong>Rho·</strong></span> 
     </span>
     <span class='ocr_line' id='line_1_16' title="bbox 295 2141 1471 2223; baseline -0.004 -17"><span class='ocrx_word' id='word_1_111' title='bbox 295 2142 349 2207; x_wconf 94' lang='lat' dir='ltr'><strong>dio</strong></span> <span class='ocrx_word' id='word_1_112' title='bbox 384 2141 584 2223; x_wconf 58' lang='lat' dir='ltr'><strong>ascriberem</strong></span> <span class='ocrx_word' id='word_1_113' title='bbox 609 2161 681 2205; x_wconf 86' lang='lat' dir='ltr'><strong>nam</strong></span> <span class='ocrx_word' id='word_1_114' title='bbox 719 2161 867 2223; x_wconf 82' lang='lat' dir='ltr'><strong>carmen,</strong></span> <span class='ocrx_word' id='word_1_115' title='bbox 900 2142 982 2223; x_wconf 87' lang='lat' dir='ltr'><strong>quod</strong></span> <span class='ocrx_word' id='word_1_116' title='bbox 1007 2144 1222 2210; x_wconf 83' lang='lat' dir='ltr'><strong>Callimachus</strong></span> <span class='ocrx_word' id='word_1_117' title='bbox 1254 2145 1369 2208; x_wconf 87' lang='lat' dir='ltr'><strong>contra</strong></span> <span class='ocrx_word' id='word_1_118' title='bbox 1397 2141 1471 2204; x_wconf 78' lang='lat' dir='ltr'><strong>Ibin</strong></span> 
     </span>
     <span class='ocr_line' id='line_1_17' title="bbox 295 2240 1470 2326; baseline -0.003 -21"><span class='ocrx_word' id='word_1_119' title='bbox 295 2243 500 2326; x_wconf 80' lang='lat' dir='ltr'><strong>Apollonium</strong></span> <span class='ocrx_word' id='word_1_120' title='bbox 520 2240 685 2320; x_wconf 78' lang='lat' dir='ltr'><strong>scripsit,</strong></span> <span class='ocrx_word' id='word_1_121' title='bbox 721 2241 820 2305; x_wconf 88' lang='lat' dir='ltr'><strong>eiam</strong></span> <span class='ocrx_word' id='word_1_122' title='bbox 845 2245 956 2306; x_wconf 82' lang='lat' dir='ltr'><strong>aetate</strong></span> <span class='ocrx_word' id='word_1_123' title='bbox 979 2242 1163 2324; x_wconf 87' lang='lat' dir='ltr'><strong>Byzantina</strong></span> <span class='ocrx_word' id='word_1_124' title='bbox 1187 2242 1373 2307; x_wconf 85' lang='lat' dir='ltr'><strong>lectitatum</strong></span> <span class='ocrx_word' id='word_1_125' title='bbox 1396 2255 1470 2302; x_wconf 87' lang='lat' dir='ltr'><strong>esse</strong></span> 
     </span>
     <span class='ocr_line' id='line_1_18' title="bbox 295 2350 1471 2436; baseline -0.006 -17"><span class='ocrx_word' id='word_1_126' title='bbox 295 2357 434 2435; x_wconf 88' lang='lat' dir='ltr'><strong>apparet</strong></span> <span class='ocrx_word' id='word_1_127' title='bbox 468 2369 509 2416; x_wconf 86' lang='lat' dir='ltr'><strong>ex</strong></span> <span class='ocrx_word' id='word_1_128' title='bbox 542 2352 776 2434; x_wconf 86' lang='lat' dir='ltr'><strong>epigrammate</strong></span> <span class='ocrx_word' id='word_1_129' title='bbox 809 2353 864 2418; x_wconf 92' lang='lat' dir='ltr'><strong>illo</strong></span> <span class='ocrx_word' id='word_1_130' title='bbox 895 2354 1057 2419; x_wconf 89' lang='lat' dir='ltr'><strong>Bernensi</strong></span> <span class='ocrx_word' id='word_1_131' title='bbox 1087 2373 1187 2435; x_wconf 82' lang='lat' dir='ltr'><strong>supra</strong></span> <span class='ocrx_word' id='word_1_132' title='bbox 1217 2355 1260 2436; x_wconf 91' lang='lat' dir='ltr'><strong>(p.</strong></span> <span class='ocrx_word' id='word_1_133' title='bbox 1285 2354 1317 2435; x_wconf 87' lang='grc'><strong>9)</strong></span> <span class='ocrx_word' id='word_1_134' title='bbox 1351 2350 1471 2428; x_wconf 80' lang='lat' dir='ltr'><strong>allat03</strong></span> 
     </span>
     <span class='ocr_line' id='line_1_19' title="bbox 294 2455 1469 2538; baseline -0.007 -14"><span class='ocrx_word' id='word_1_135' title='bbox 294 2463 405 2524; x_wconf 89' lang='lat' dir='ltr'><strong>notum</strong></span> <span class='ocrx_word' id='word_1_136' title='bbox 442 2457 542 2538; x_wconf 85' lang='lat' dir='ltr'><strong>igitur</strong></span> <span class='ocrx_word' id='word_1_137' title='bbox 576 2467 649 2522; x_wconf 90' lang='lat' dir='ltr'><strong>erat</strong></span> <span class='ocrx_word' id='word_1_138' title='bbox 675 2458 844 2538; x_wconf 88' lang='lat' dir='ltr'><strong>Apollonio</strong></span> <span class='ocrx_word' id='word_1_139' title='bbox 879 2459 1005 2525; x_wconf 88' lang='lat' dir='ltr'><strong>Rhodio</strong></span> <span class='ocrx_word' id='word_1_140' title='bbox 1034 2478 1104 2524; x_wconf 91' lang='lat' dir='ltr'><strong>cum</strong></span> <span class='ocrx_word' id='word_1_141' title='bbox 1137 2458 1334 2524; x_wconf 86' lang='lat' dir='ltr'><strong>Callimacho</strong></span> <span class='ocrx_word' id='word_1_142' title='bbox 1364 2455 1469 2518; x_wconf 85' lang='lat' dir='ltr'><strong>rixam</strong></span> 
     </span>
    </p>
   </div>
   <div class='ocr_carea' id='block_1_7' title="bbox 295 2559 1471 2854">
    <p class='ocr_par' dir='ltr' id='par_1_7' title="bbox 295 2559 1471 2854">
     <span class='ocr_line' id='line_1_20' title="bbox 296 2559 1471 2645; baseline -0.004 -19"><span class='ocrx_word' id='word_1_143' title='bbox 296 2562 408 2628; x_wconf 83' lang='lat' dir='ltr'><strong>fuisse.</strong></span> <span class='ocrx_word' id='word_1_144' title='bbox 445 2562 536 2645; x_wconf 82' lang='lat' dir='ltr'><strong>Ergo</strong></span> <span class='ocrx_word' id='word_1_145' title='bbox 561 2563 601 2626; x_wconf 89' lang='lat' dir='ltr'><strong>de</strong></span> <span class='ocrx_word' id='word_1_146' title='bbox 625 2564 727 2645; x_wconf 85' lang='lat' dir='ltr'><strong>epigr.</strong></span> <span class='ocrx_word' id='word_1_147' title='bbox 752 2564 840 2629; x_wconf 89' lang='lat' dir='ltr'><strong>anth.</strong></span> <span class='ocrx_word' id='word_1_148' title='bbox 864 2565 922 2634; x_wconf 72' lang='lat' dir='ltr'><strong>XI,</strong></span> <span class='ocrx_word' id='word_1_149' title='bbox 938 2565 1003 2630; x_wconf 79' lang='lat' dir='ltr'><strong>aio</strong></span> <span class='ocrx_word' id='word_1_150' title='bbox 1030 2566 1090 2630; x_wconf 94' lang='lat' dir='ltr'><strong>hoc</strong></span> <span class='ocrx_word' id='word_1_151' title='bbox 1115 2566 1241 2629; x_wconf 84' lang='lat' dir='ltr'><strong>statuo:</strong></span> <span class='ocrx_word' id='word_1_152' title='bbox 1265 2559 1471 2643; x_wconf 84' lang='lat' dir='ltr'><strong>Apollonium</strong></span> 
     </span>
     <span class='ocr_line' id='line_1_21' title="bbox 295 2663 1469 2751; baseline -0.008 -17"><span class='ocrx_word' id='word_1_153' title='bbox 295 2668 456 2734; x_wconf 89' lang='lat' dir='ltr'><strong>Rhodium</strong></span> <span class='ocrx_word' id='word_1_154' title='bbox 480 2671 646 2732; x_wconf 87' lang='lat' dir='ltr'><strong>auctorem</strong></span> <span class='ocrx_word' id='word_1_155' title='bbox 670 2687 745 2732; x_wconf 87' lang='lat' dir='ltr'><strong>esse</strong></span> <span class='ocrx_word' id='word_1_156' title='bbox 762 2687 865 2748; x_wconf 81' lang='lat' dir='ltr'><strong>neque</strong></span> <span class='ocrx_word' id='word_1_157' title='bbox 882 2669 1037 2736; x_wconf 87' lang='lat' dir='ltr'><strong>affirmari</strong></span> <span class='ocrx_word' id='word_1_158' title='bbox 1053 2672 1164 2751; x_wconf 83' lang='lat' dir='ltr'><strong>potest</strong></span> <span class='ocrx_word' id='word_1_159' title='bbox 1180 2687 1283 2748; x_wconf 87' lang='lat' dir='ltr'><strong>neque</strong></span> <span class='ocrx_word' id='word_1_160' title='bbox 1306 2663 1422 2748; x_wconf 89' lang='lat' dir='ltr'><strong>negari</strong></span> <span class='ocrx_word' id='word_1_161' title='bbox 1433 2665 1469 2746; x_wconf 91' lang='lat'><strong>¹).</strong></span> 
     </span>
     <span class='ocr_line' id='line_1_22' title="bbox 401 2769 1468 2854; baseline -0.006 -16"><span class='ocrx_word' id='word_1_162' title='bbox 401 2772 497 2838; x_wconf 87' lang='lat' dir='ltr'><strong>Aliud</strong></span> <span class='ocrx_word' id='word_1_163' title='bbox 522 2773 730 2854; x_wconf 82' lang='lat' dir='ltr'><strong>epigramma,</strong></span> <span class='ocrx_word' id='word_1_164' title='bbox 754 2793 815 2852; x_wconf 87' lang='lat' dir='ltr'><strong>quo</strong></span> <span class='ocrx_word' id='word_1_165' title='bbox 839 2774 1029 2854; x_wconf 87' lang='lat' dir='ltr'><strong>Apollonius</strong></span> <span class='ocrx_word' id='word_1_166' title='bbox 1054 2774 1285 2839; x_wconf 83' lang='lat' dir='ltr'><strong>Callimachum</strong></span> <span class='ocrx_word' id='word_1_167' title='bbox 1309 2769 1468 2853; x_wconf 82' lang='lat' dir='ltr'><strong>aggrede-</strong></span> 
     </span>
    </p>
   </div>
   <div class='ocr_carea' id='block_1_8' title="bbox 295 2877 1631 2966">
    <p class='ocr_par' dir='ltr' id='par_1_8' title="bbox 295 2877 1631 2966">
     <span class='ocr_line' id='line_1_23' title="bbox 295 2877 1631 2966; baseline -0.002 -25"><span class='ocrx_word' id='word_1_168' title='bbox 295 2882 396 2958; x_wconf 77' lang='lat' dir='ltr'><strong>retur,</strong></span> <span class='ocrx_word' id='word_1_169' title='bbox 419 2879 600 2943; x_wconf 90' lang='lat' dir='ltr'><strong>Knaack</strong></span> <span class='ocrx_word' id='word_1_170' title='bbox 623 2878 686 2957; x_wconf 70' lang='grc' dir='ltr'><strong>(λό.</strong></span> <span class='ocrx_word' id='word_1_171' title='bbox 710 2882 733 2956; x_wconf 84' lang='lat' dir='ltr'><strong>f.</strong></span> <span class='ocrx_word' id='word_1_172' title='bbox 753 2881 835 2943; x_wconf 79' lang='lat' dir='ltr'><strong>Phil.</strong></span> <span class='ocrx_word' id='word_1_173' title='bbox 857 2879 917 2946; x_wconf 78' lang='lat'><strong>143</strong></span> <span class='ocrx_word' id='word_1_174' title='bbox 941 2900 971 2959; x_wconf 88' lang='lat' dir='ltr'><strong>p.</strong></span> <span class='ocrx_word' id='word_1_175' title='bbox 998 2879 1075 2964; x_wconf 80' lang='lat'><strong>771)</strong></span> <span class='ocrx_word' id='word_1_176' title='bbox 1101 2899 1141 2945; x_wconf 87' lang='lat' dir='ltr'><strong>ex</strong></span> <span class='ocrx_word' id='word_1_177' title='bbox 1163 2878 1304 2944; x_wconf 88' lang='lat' dir='ltr'><strong>indiculo</strong></span> <span class='ocrx_word' id='word_1_178' title='bbox 1321 2877 1468 2956; x_wconf 79' lang='lat' dir='ltr'><strong>fontium,</strong></span> <span class='ocrx_word' id='word_1_179' title='bbox 1540 2947 1548 2966; x_wconf 30' lang='grc' dir='ltr'><strong>ι</strong></span> <span class='ocrx_word' id='word_1_180' title='bbox 1630 2927 1631 2938; x_wconf 70' lang='grc'>,</span> 
     </span>
    </p>
   </div>
   <div class='ocr_carea' id='block_1_9' title="bbox 288 2979 1468 3801">
    <p class='ocr_par' dir='ltr' id='par_1_9' title="bbox 289 2979 1468 3380">
     <span class='ocr_line' id='line_1_24' title="bbox 292 2979 1467 3064; baseline -0.005 -16"><span class='ocrx_word' id='word_1_181' title='bbox 292 2983 348 3064; x_wconf 87' lang='lat' dir='ltr'><strong>qui</strong></span> <span class='ocrx_word' id='word_1_182' title='bbox 364 2982 494 3048; x_wconf 87' lang='lat' dir='ltr'><strong>fabulae</strong></span> <span class='ocrx_word' id='word_1_183' title='bbox 511 2983 603 3048; x_wconf 91' lang='lat' dir='ltr'><strong>Batti</strong></span> <span class='ocrx_word' id='word_1_184' title='bbox 620 2983 660 3047; x_wconf 86' lang='lat' dir='ltr'><strong>ab</strong></span> <span class='ocrx_word' id='word_1_185' title='bbox 677 2985 840 3048; x_wconf 85' lang='lat' dir='ltr'><strong>Antonino</strong></span> <span class='ocrx_word' id='word_1_186' title='bbox 857 2984 1002 3048; x_wconf 90' lang='lat' dir='ltr'><strong>Liberah</strong></span> <span class='ocrx_word' id='word_1_187' title='bbox 1023 3004 1090 3064; x_wconf 92' lang='lat' dir='ltr'><strong>cap.</strong></span> <span class='ocrx_word' id='word_1_188' title='bbox 1116 2986 1158 3052; x_wconf 82' lang='lat'><strong>23</strong></span> <span class='ocrx_word' id='word_1_189' title='bbox 1176 2986 1331 3048; x_wconf 90' lang='lat' dir='ltr'><strong>narratae</strong></span> <span class='ocrx_word' id='word_1_190' title='bbox 1347 2979 1467 3058; x_wconf 85' lang='lat' dir='ltr'><strong>ascrip-</strong></span> 
     </span>
     <span class='ocr_line' id='line_1_25' title="bbox 290 3088 1467 3170; baseline -0.003 -18"><span class='ocrx_word' id='word_1_191' title='bbox 290 3091 348 3153; x_wconf 92' lang='lat' dir='ltr'><strong>tus</strong></span> <span class='ocrx_word' id='word_1_192' title='bbox 373 3091 432 3167; x_wconf 78' lang='lat' dir='ltr'><strong>est,</strong></span> <span class='ocrx_word' id='word_1_193' title='bbox 457 3106 573 3152; x_wconf 88' lang='lat' dir='ltr'><strong>eruere</strong></span> <span class='ocrx_word' id='word_1_194' title='bbox 590 3095 726 3153; x_wconf 89' lang='lat' dir='ltr'><strong>conatus</strong></span> <span class='ocrx_word' id='word_1_195' title='bbox 750 3092 802 3152; x_wconf 90' lang='lat' dir='ltr'><strong>est</strong></span> <span class='ocrx_word' id='word_1_196' title='bbox 818 3089 1026 3152; x_wconf 89' lang='lat' dir='ltr'><strong>coniecturae</strong></span> <span class='ocrx_word' id='word_1_197' title='bbox 1042 3089 1137 3152; x_wconf 85' lang='lat' dir='ltr'><strong>nimis</strong></span> <span class='ocrx_word' id='word_1_198' title='bbox 1154 3088 1339 3170; x_wconf 85' lang='lat' dir='ltr'><strong>indulgens;</strong></span> <span class='ocrx_word' id='word_1_199' title='bbox 1364 3101 1467 3164; x_wconf 88' lang='lat' dir='ltr'><strong>neque</strong></span> 
     </span>
     <span class='ocr_line' id='line_1_26' title="bbox 289 3187 1468 3275; baseline -0.005 -18"><span class='ocrx_word' id='word_1_200' title='bbox 289 3193 380 3258; x_wconf 81' lang='lat' dir='ltr'><strong>enim</strong></span> <span class='ocrx_word' id='word_1_201' title='bbox 403 3212 508 3273; x_wconf 90' lang='lat' dir='ltr'><strong>pauca</strong></span> <span class='ocrx_word' id='word_1_202' title='bbox 531 3192 613 3257; x_wconf 89' lang='lat' dir='ltr'><strong>haec</strong></span> <span class='ocrx_word' id='word_1_203' title='bbox 636 3193 739 3258; x_wconf 88' lang='lat' dir='ltr'><strong>verba</strong></span> <span class='ocrx_word' id='word_1_204' title='bbox 771 3195 886 3273; x_wconf 78' lang='grc' dir='ltr'><em>ἱστορεῖ</em></span> <span class='ocrx_word' id='word_1_205' title='bbox 910 3195 942 3255; x_wconf 78' lang='grc' dir='ltr'><strong>ἐν</strong></span> <span class='ocrx_word' id='word_1_206' title='bbox 972 3194 1202 3275; x_wconf 78' lang='grc' dir='ltr'><em>ἐπιγράμμασιν</em></span> <span class='ocrx_word' id='word_1_207' title='bbox 1226 3192 1393 3258; x_wconf 84' lang='lat' dir='ltr'><strong>sufficiunt</strong></span> <span class='ocrx_word' id='word_1_208' title='bbox 1426 3187 1468 3252; x_wconf 93' lang='lat' dir='ltr'><strong>ad</strong></span> 
     </span>
     <span class='ocr_line' id='line_1_27' title="bbox 289 3294 1464 3380; baseline -0.003 -19"><span class='ocrx_word' id='word_1_209' title='bbox 289 3297 496 3380; x_wconf 82' lang='lat' dir='ltr'><strong>epigramma</strong></span> <span class='ocrx_word' id='word_1_210' title='bbox 520 3297 590 3361; x_wconf 85' lang='lat' dir='ltr'><strong>eins</strong></span> <span class='ocrx_word' id='word_1_211' title='bbox 613 3296 807 3378; x_wconf 83' lang='lat' dir='ltr'><strong>argumenti,</strong></span> <span class='ocrx_word' id='word_1_212' title='bbox 831 3294 914 3375; x_wconf 88' lang='lat' dir='ltr'><strong>quod</strong></span> <span class='ocrx_word' id='word_1_213' title='bbox 932 3294 1069 3362; x_wconf 89' lang='lat' dir='ltr'><strong>Knaack</strong></span> <span class='ocrx_word' id='word_1_214' title='bbox 1092 3297 1172 3378; x_wconf 81' lang='lat' dir='ltr'><strong>vult,</strong></span> <span class='ocrx_word' id='word_1_215' title='bbox 1197 3294 1464 3380; x_wconf 88' lang='lat' dir='ltr'><strong>cognoscendum.</strong></span> 
     </span>
    </p>

    <p class='ocr_par' dir='ltr' id='par_1_10' title="bbox 400 3401 880 3482">
     <span class='ocr_line' id='line_1_28' title="bbox 400 3401 880 3482; baseline -0.002 -14"><span class='ocrx_word' id='word_1_216' title='bbox 400 3402 453 3468; x_wconf 85' lang='lat' dir='ltr'><strong>En</strong></span> <span class='ocrx_word' id='word_1_217' title='bbox 476 3402 665 3467; x_wconf 85' lang='lat' dir='ltr'><strong>testimonia</strong></span> <span class='ocrx_word' id='word_1_218' title='bbox 688 3401 823 3482; x_wconf 89' lang='lat' dir='ltr'><strong>amiqua</strong></span> <span class='ocrx_word' id='word_1_219' title='bbox 847 3405 880 3476; x_wconf 43' lang='grc' dir='ltr'><strong>Ψ).</strong></span> 
     </span>
    </p>

    <p class='ocr_par' dir='ltr' id='par_1_11' title="bbox 288 3505 1466 3801">
     <span class='ocr_line' id='line_1_29' title="bbox 401 3505 1466 3588; baseline -0.006 -16"><span class='ocrx_word' id='word_1_220' title='bbox 401 3510 445 3572; x_wconf 86' lang='lat' dir='ltr'><strong>At</strong></span> <span class='ocrx_word' id='word_1_221' title='bbox 478 3506 562 3572; x_wconf 86' lang='lat' dir='ltr'><strong>viri</strong></span> <span class='ocrx_word' id='word_1_222' title='bbox 595 3506 717 3571; x_wconf 86' lang='lat' dir='ltr'><strong>docti</strong></span> <span class='ocrx_word' id='word_1_223' title='bbox 747 3509 921 3570; x_wconf 87' lang='lat' dir='ltr'><strong>nostrae</strong></span> <span class='ocrx_word' id='word_1_224' title='bbox 952 3506 1130 3570; x_wconf 86' lang='lat' dir='ltr'><strong>aetatis</strong></span> <span class='ocrx_word' id='word_1_225' title='bbox 1163 3505 1301 3569; x_wconf 85' lang='lat' dir='ltr'><strong>maxime</strong></span> <span class='ocrx_word' id='word_1_226' title='bbox 1334 3521 1466 3588; x_wconf 87' lang='lat' dir='ltr'><strong>operam</strong></span> 
     </span>
     <span class='ocr_line' id='line_1_30' title="bbox 289 3610 1465 3691; baseline -0.003 -15"><span class='ocrx_word' id='word_1_227' title='bbox 289 3615 509 3691; x_wconf 81' lang='lat' dir='ltr'><strong>navaverunt,</strong></span> <span class='ocrx_word' id='word_1_228' title='bbox 532 3614 570 3674; x_wconf 90' lang='lat' dir='ltr'><strong>ut</strong></span> <span class='ocrx_word' id='word_1_229' title='bbox 593 3611 672 3676; x_wconf 88' lang='lat' dir='ltr'><strong>locis</strong></span> <span class='ocrx_word' id='word_1_230' title='bbox 697 3611 856 3676; x_wconf 82' lang='lat' dir='ltr'><strong>similibus</strong></span> <span class='ocrx_word' id='word_1_231' title='bbox 884 3613 1087 3679; x_wconf 86' lang='lat' dir='ltr'><strong>diversorum</strong></span> <span class='ocrx_word' id='word_1_232' title='bbox 1109 3613 1294 3691; x_wconf 88' lang='lat' dir='ltr'><strong>poematum</strong></span> <span class='ocrx_word' id='word_1_233' title='bbox 1316 3610 1406 3676; x_wconf 84' lang='lat' dir='ltr'><strong>inter</strong></span> <span class='ocrx_word' id='word_1_234' title='bbox 1428 3626 1465 3674; x_wconf 88' lang='lat' dir='ltr'><strong>se</strong></span> 
     </span>
     <span class='ocr_line' id='line_1_31' title="bbox 288 3714 1466 3801; baseline 0.002 -22"><span class='ocrx_word' id='word_1_235' title='bbox 288 3715 422 3780; x_wconf 87' lang='lat' dir='ltr'><strong>collatis</strong></span> <span class='ocrx_word' id='word_1_236' title='bbox 453 3714 598 3780; x_wconf 89' lang='lat' dir='ltr'><strong>ordinem</strong></span> <span class='ocrx_word' id='word_1_237' title='bbox 623 3716 801 3782; x_wconf 89' lang='lat' dir='ltr'><strong>carminum</strong></span> <span class='ocrx_word' id='word_1_238' title='bbox 825 3725 859 3784; x_wconf 88' lang='lat' dir='ltr'><strong>et</strong></span> <span class='ocrx_word' id='word_1_239' title='bbox 889 3718 1035 3784; x_wconf 86' lang='lat' dir='ltr'><strong>rationes</strong></span> <span class='ocrx_word' id='word_1_240' title='bbox 1063 3718 1152 3782; x_wconf 89' lang='lat' dir='ltr'><strong>inter</strong></span> <span class='ocrx_word' id='word_1_241' title='bbox 1181 3721 1297 3801; x_wconf 87' lang='lat' dir='ltr'><strong>poetas</strong></span> <span class='ocrx_word' id='word_1_242' title='bbox 1325 3716 1466 3781; x_wconf 87' lang='lat' dir='ltr'><strong>interco-</strong></span> 
     </span>
    </p>
   </div>
   <div class='ocr_carea' id='block_1_10' title="bbox 284 3979 1467 4393">
    <p class='ocr_par' dir='ltr' id='par_1_12' title="bbox 292 3979 1464 4138">
     <span class='ocr_line' id='line_1_32' title="bbox 383 3979 1464 4054; baseline 0.001 -23"><span class='ocrx_word' id='word_1_243' title='bbox 383 3979 403 4041; x_wconf 88' lang='lat'><strong>¹)</strong></span> <span class='ocrx_word' id='word_1_244' title='bbox 423 3979 496 4048; x_wconf 82' lang='lat' dir='ltr'><strong>Quas</strong></span> <span class='ocrx_word' id='word_1_245' title='bbox 511 3979 682 4036; x_wconf 77' lang='lat' dir='ltr'><strong>Scholcwslri</strong></span> <span class='ocrx_word' id='word_1_246' title='bbox 698 3982 742 4051; x_wconf 86' lang='lat' dir='ltr'><strong>(dc</strong></span> <span class='ocrx_word' id='word_1_247' title='bbox 755 3985 825 4036; x_wconf 83' lang='lat' dir='ltr'><strong>nuth.</strong></span> <span class='ocrx_word' id='word_1_248' title='bbox 839 3983 897 4037; x_wconf 85' lang='lat' dir='ltr'><strong>Pal.</strong></span> <span class='ocrx_word' id='word_1_249' title='bbox 909 3985 1076 4054; x_wconf 72' lang='lat' dir='ltr'><strong>quaestiones,</strong></span> <span class='ocrx_word' id='word_1_250' title='bbox 1095 4001 1122 4052; x_wconf 89' lang='lat' dir='ltr'><strong>p.</strong></span> <span class='ocrx_word' id='word_1_251' title='bbox 1136 3983 1169 4034; x_wconf 83' lang='lat'><strong>49</strong></span> <span class='ocrx_word' id='word_1_252' title='bbox 1188 3980 1257 4050; x_wconf 88' lang='lat' dir='ltr'><strong>sqq.)</strong></span> <span class='ocrx_word' id='word_1_253' title='bbox 1269 3986 1366 4034; x_wconf 84' lang='lat' dir='ltr'><strong>contra</strong></span> <span class='ocrx_word' id='word_1_254' title='bbox 1378 3981 1464 4048; x_wconf 78' lang='lat' dir='ltr'><strong>Apol·</strong></span> 
     </span>
     <span class='ocr_line' id='line_1_33' title="bbox 292 4067 958 4138; baseline 0.011 -19"><span class='ocrx_word' id='word_1_255' title='bbox 292 4067 391 4122; x_wconf 87' lang='lat' dir='ltr'><strong>lonium</strong></span> <span class='ocrx_word' id='word_1_256' title='bbox 409 4068 543 4123; x_wconf 89' lang='lat' dir='ltr'><strong>Rhodium</strong></span> <span class='ocrx_word' id='word_1_257' title='bbox 562 4071 682 4137; x_wconf 83' lang='lat' dir='ltr'><strong>protulit,</strong></span> <span class='ocrx_word' id='word_1_258' title='bbox 703 4088 754 4125; x_wconf 89' lang='lat' dir='ltr'><strong>non</strong></span> <span class='ocrx_word' id='word_1_259' title='bbox 775 4077 837 4124; x_wconf 88' lang='lat' dir='ltr'><strong>sunt</strong></span> <span class='ocrx_word' id='word_1_260' title='bbox 855 4072 958 4138; x_wconf 79' lang='lat' dir='ltr'><strong>gravia.</strong></span> 
     </span>
    </p>

    <p class='ocr_par' dir='ltr' id='par_1_13' title="bbox 284 4155 1467 4393">
     <span class='ocr_line' id='line_1_34' title="bbox 382 4155 1464 4224; baseline 0.002 -13"><span class='ocrx_word' id='word_1_261' title='bbox 382 4155 403 4218; x_wconf 56' lang='grc' dir='ltr'><strong>ἦ</strong></span> <span class='ocrx_word' id='word_1_262' title='bbox 418 4156 548 4211; x_wconf 81' lang='lat' dir='ltr'><strong>Videmus</strong></span> <span class='ocrx_word' id='word_1_263' title='bbox 566 4175 667 4213; x_wconf 82' lang='lat' dir='ltr'><strong>omnem</strong></span> <span class='ocrx_word' id='word_1_264' title='bbox 680 4165 802 4214; x_wconf 85' lang='lat' dir='ltr'><strong>nostram</strong></span> <span class='ocrx_word' id='word_1_265' title='bbox 821 4162 926 4216; x_wconf 82' lang='lat' dir='ltr'><strong>discidii</strong></span> <span class='ocrx_word' id='word_1_266' title='bbox 939 4162 1124 4224; x_wconf 82' lang='lat' dir='ltr'><strong>cognitionem</strong></span> <span class='ocrx_word' id='word_1_267' title='bbox 1136 4159 1256 4222; x_wconf 74' lang='lat' dir='ltr'><strong>pondera</strong></span> <span class='ocrx_word' id='word_1_268' title='bbox 1275 4176 1308 4213; x_wconf 79' lang='lat' dir='ltr'><strong>ex</strong></span> <span class='ocrx_word' id='word_1_269' title='bbox 1327 4161 1464 4214; x_wconf 83' lang='lat' dir='ltr'><strong>amborum</strong></span> 
     </span>
     <span class='ocr_line' id='line_1_35' title="bbox 289 4237 1467 4318; baseline 0.003 -20"><span class='ocrx_word' id='word_1_270' title='bbox 289 4237 422 4299; x_wconf 78' lang='lat' dir='ltr'><strong>dc&#39;lbidc</strong></span> <span class='ocrx_word' id='word_1_271' title='bbox 441 4250 652 4302; x_wconf 78' lang='lat' dir='ltr'><strong>testimoniorum</strong></span> <span class='ocrx_word' id='word_1_272' title='bbox 671 4247 736 4318; x_wconf 82' lang='lat' dir='ltr'><strong>ilde,</strong></span> <span class='ocrx_word' id='word_1_273' title='bbox 756 4265 824 4316; x_wconf 84' lang='lat' dir='ltr'><strong>qnae</strong></span> <span class='ocrx_word' id='word_1_274' title='bbox 843 4253 868 4303; x_wconf 88' lang='lat' dir='ltr'><strong>si</strong></span> <span class='ocrx_word' id='word_1_275' title='bbox 886 4252 925 4303; x_wconf 84' lang='lat' dir='ltr'><strong>sis</strong></span> <span class='ocrx_word' id='word_1_276' title='bbox 944 4249 1104 4318; x_wconf 79' lang='lat' dir='ltr'><strong>abrogatur,</strong></span> <span class='ocrx_word' id='word_1_277' title='bbox 1123 4253 1209 4302; x_wconf 83' lang='lat' dir='ltr'><strong>totum</strong></span> <span class='ocrx_word' id='word_1_278' title='bbox 1227 4248 1367 4310; x_wconf 79' lang='lat' dir='ltr'><strong>discidium</strong></span> <span class='ocrx_word' id='word_1_279' title='bbox 1386 4266 1467 4304; x_wconf 87' lang='lat' dir='ltr'><strong>revo-</strong></span> 
     </span>
     <span class='ocr_line' id='line_1_36' title="bbox 284 4335 573 4393; baseline 0.014 -5"><span class='ocrx_word' id='word_1_280' title='bbox 284 4337 369 4389; x_wconf 74' lang='lat' dir='ltr'><strong>catur</strong></span> <span class='ocrx_word' id='word_1_281' title='bbox 384 4335 417 4389; x_wconf 88' lang='lat' dir='ltr'><strong>ad</strong></span> <span class='ocrx_word' id='word_1_282' title='bbox 435 4336 573 4393; x_wconf 81' lang='lat' dir='ltr'><strong>incertum.</strong></span> 
     </span>
    </p>
   </div>
   <div class='ocr_carea' id='block_1_11' title="bbox 0 0 1658 5076">
    <p class='ocr_par' dir='ltr' id='par_1_14' title="bbox 0 0 1658 5076">
     <span class='ocr_line' id='line_1_37' title="bbox 0 0 1658 5076; baseline 0 4"><span class='ocrx_word' id='word_1_283' title='bbox 0 0 1658 5076; x_wconf 95' lang='lat' dir='ltr'><strong> </strong></span> 
     </span>
    </p>
   </div>
  </div>
 </body>
</html>
